<record><header><identifier>oai:alma.41SLSP_UGE:991000023339705502</identifier><datestamp>2023-03-01T01:09:13Z</datestamp><setSpec>uge_bcen_RapidILL_BOOK</setSpec><setSpec>uge_aaca_RapidILL_BOOK</setSpec><setSpec>uge_abels_RapidILL_BOOK</setSpec><setSpec>uge_dbu_RapidILL_BOOK</setSpec><setSpec>uge_cmu_RapidILL_BOOK</setSpec><setSpec>uge_mail_RapidILL_BOOK</setSpec><setSpec>UNIGE_ALL</setSpec><setSpec>uge_abbat_RapidILL_BOOK</setSpec><setSpec>uge_acar_RapidILL_BOOK</setSpec><setSpec>uge_aobs_RapidILL_BOOK</setSpec></header><metadata>
<record xmlns="http://www.loc.gov/MARC21/slim" xmlns:xsi="http://www.w3.org/2001/XMLSchema-instance" xsi:schemaLocation="http://www.loc.gov/MARC21/slim http://www.loc.gov/standards/marcxml/schema/MARC21slim.xsd"><leader>02023nam a2200349 c 4500</leader><controlfield tag="001">991000023339705502</controlfield><controlfield tag="005">20230207215811.0</controlfield><controlfield tag="008">161101s2016    fr ||||| |||| 00| ||fre d</controlfield><datafield ind1=" " ind2=" " tag="020"><subfield code="a">9782343106977</subfield><subfield code="c">€ 16.-</subfield></datafield><datafield ind1="7" ind2=" " tag="024"><subfield code="a">http://catalogue.bnf.fr/ark:/12148/cb45187342f</subfield><subfield code="2">uri</subfield></datafield><datafield ind1=" " ind2=" " tag="035"><subfield code="a">(swissbib)123354021-41slsp_network</subfield></datafield><datafield ind1=" " ind2=" " tag="035"><subfield code="a">123354021</subfield><subfield code="9">ExL</subfield></datafield><datafield ind1=" " ind2=" " tag="035"><subfield code="a">(RERO)R008540479-41slsp</subfield></datafield><datafield ind1=" " ind2=" " tag="035"><subfield code="a">(EXLNZ-41SLSP_NETWORK)991034447579705501</subfield></datafield><datafield ind1=" " ind2=" " tag="040"><subfield code="a">RERO geulha</subfield><subfield code="d">CH-ZuSLS</subfield></datafield><datafield ind1=" " ind2="7" tag="072"><subfield code="a">ba</subfield><subfield code="2">rero</subfield></datafield><datafield ind1="0" ind2="0" tag="245"><subfield code="a">Espace-temps et mémoire de l'œuvre d'art</subfield><subfield code="c">sous la dir. de Stéphane Kalla</subfield></datafield><datafield ind1=" " ind2="1" tag="264"><subfield code="a">Paris</subfield><subfield code="b">L'Harmattan</subfield><subfield code="c">2016</subfield></datafield><datafield ind1=" " ind2=" " tag="300"><subfield code="a">135 p.</subfield><subfield code="b">ill. en noir</subfield><subfield code="c">22 cm</subfield></datafield><datafield ind1=" " ind2=" " tag="336"><subfield code="b">txt</subfield><subfield code="2">rdacontent</subfield></datafield><datafield ind1=" " ind2=" " tag="337"><subfield code="b">n</subfield><subfield code="2">rdamedia</subfield></datafield><datafield ind1=" " ind2=" " tag="338"><subfield code="b">nc</subfield><subfield code="2">rdacarrier</subfield></datafield><datafield ind1="1" ind2=" " tag="490"><subfield code="a">Esthétique et herméneutique, frontières de l'image et du sens : Chine-France</subfield><subfield code="v">2</subfield></datafield><datafield ind1="1" ind2=" " tag="490"><subfield code="a">Eidos</subfield><subfield code="v">83. Série Retina</subfield></datafield><datafield ind1="0" ind2=" " tag="505"><subfield code="a">Gérard Dastugue: De battre mon chœur : Jacques Audiard et Alexandre Desplat ou la scénarisation musicale d'une tragédie ordinaire. - Stéphane Kalla: Le parallélisme : esthétique du solipsisme dans le cinéma de Michael Mann. - Farid Lakkimi: Les temps du cinéma : des espaces en mouvements perpétuels se réinventant à travers le regard de chacun. - Enikő Sepsi: &quot;L'espace est la matrice du texte&quot; : à propos du théâtre de Valère Novarina. - Alejandro Erbetta: Aux frontières de l'oubli. - Jean-Joël Duhot: Espace et perspective : éléments pour une archéologie. - Anikó Ádám: La mise en forme de la mémoire : la fortune de la cathédrale gothique</subfield></datafield><datafield ind1=" " ind2="7" tag="650"><subfield code="a">Art</subfield><subfield code="0">(IDREF)027269302</subfield><subfield code="2">idref</subfield></datafield><datafield ind1=" " ind2="7" tag="650"><subfield code="a">Temps</subfield><subfield code="0">(IDREF)027675432</subfield><subfield code="2">idref</subfield></datafield><datafield ind1=" " ind2="7" tag="650"><subfield code="a">Mémoire</subfield><subfield code="0">(IDREF)027237680</subfield><subfield code="2">idref</subfield></datafield><datafield ind1=" " ind2="7" tag="655"><subfield code="a">Actes de congrès</subfield><subfield code="0">(IDREF)02886431X</subfield><subfield code="2">idref</subfield></datafield><datafield ind1="1" ind2=" " tag="700"><subfield code="a">Kalla Karim, Stéphane</subfield><subfield code="d">1982-....</subfield><subfield code="0">(IDREF)140360360</subfield></datafield><datafield ind1=" " ind2="0" tag="830"><subfield code="a">Esthétique et herméneutique, frontières de l'image et du sens</subfield><subfield code="v">2</subfield><subfield code="w">(RERO)R008540431-41slsp</subfield></datafield><datafield ind1=" " ind2="0" tag="830"><subfield code="a">Collection Eidos</subfield><subfield code="v">83</subfield><subfield code="w">(RERO)R007557064-41slsp</subfield></datafield><datafield ind1=" " ind2=" " tag="900"><subfield code="a">REROnoselfmerge</subfield></datafield><datafield ind1=" " ind2=" " tag="993"><subfield code="a">BFLA 271751/1</subfield><subfield code="x">ge/ulha/a/17/0131</subfield><subfield code="9">LOCAL</subfield></datafield></record>
</metadata></record>