<record><header><identifier>oai:alma.41SLSP_UGE:991000022829705502</identifier><datestamp>2024-03-09T01:36:35Z</datestamp><setSpec>uge_bcen_RapidILL_BOOK</setSpec><setSpec>uge_aaca_RapidILL_BOOK</setSpec><setSpec>uge_abels_RapidILL_BOOK</setSpec><setSpec>uge_dbu_RapidILL_BOOK</setSpec><setSpec>uge_cmu_RapidILL_BOOK</setSpec><setSpec>uge_mail_RapidILL_BOOK</setSpec><setSpec>uge_abbat_RapidILL_BOOK</setSpec><setSpec>UNIGE_ALL</setSpec><setSpec>uge_acar_RapidILL_BOOK</setSpec><setSpec>uge_aobs_RapidILL_BOOK</setSpec></header><metadata>
<record xmlns="http://www.loc.gov/MARC21/slim" xmlns:xsi="http://www.w3.org/2001/XMLSchema-instance" xsi:schemaLocation="http://www.loc.gov/MARC21/slim http://www.loc.gov/standards/marcxml/schema/MARC21slim.xsd"><leader>03478nam a2200889 c 4500</leader><controlfield tag="001">991000022829705502</controlfield><controlfield tag="005">20240308051902.0</controlfield><controlfield tag="008">201011s2006    gw            00| | ger  </controlfield><datafield ind1=" " ind2=" " tag="020"><subfield code="a">3890074642</subfield></datafield><datafield ind1=" " ind2=" " tag="035"><subfield code="a">(swissbib)222755717-41slsp_network</subfield></datafield><datafield ind1=" " ind2=" " tag="035"><subfield code="a">222755717</subfield><subfield code="9">ExL</subfield></datafield><datafield ind1=" " ind2=" " tag="035"><subfield code="a">(IDSBB)003966701DSV01</subfield></datafield><datafield ind1=" " ind2=" " tag="035"><subfield code="a">(NEBIS)005222378EBI01</subfield></datafield><datafield ind1=" " ind2=" " tag="035"><subfield code="a">(RERO)R004167866-41slsp</subfield></datafield><datafield ind1=" " ind2=" " tag="035"><subfield code="a">(IDSLU)000484136ILU01</subfield></datafield><datafield ind1=" " ind2=" " tag="035"><subfield code="a">(ABN)000282449ABN01</subfield></datafield><datafield ind1=" " ind2=" " tag="035"><subfield code="a">(EXLNZ-41SLSP_NETWORK)991100730079705501</subfield></datafield><datafield ind1=" " ind2=" " tag="040"><subfield code="a">SzZuIDS BS/BE A332</subfield><subfield code="e">kids</subfield><subfield code="d">CH-ZuSLS</subfield></datafield><datafield ind1=" " ind2="7" tag="072"><subfield code="a">mu</subfield><subfield code="2">SzZuIDS BS/BE</subfield></datafield><datafield ind1=" " ind2="7" tag="072"><subfield code="a">mu</subfield><subfield code="2">rero</subfield></datafield><datafield ind1=" " ind2="7" tag="072"><subfield code="a">480</subfield><subfield code="2">IDS LU</subfield></datafield><datafield ind1="0" ind2="4" tag="082"><subfield code="a">780.92</subfield><subfield code="2">23</subfield></datafield><datafield ind1="0" ind2="4" tag="082"><subfield code="a">780.9</subfield><subfield code="2">22/ger</subfield></datafield><datafield ind1="1" ind2="4" tag="082"><subfield code="a">780</subfield><subfield code="2">15</subfield></datafield><datafield ind1=" " ind2=" " tag="084"><subfield code="a">LP 40390</subfield><subfield code="2">rvk</subfield></datafield><datafield ind1=" " ind2=" " tag="084"><subfield code="a">LP 40408</subfield><subfield code="2">rvk</subfield></datafield><datafield ind1="0" ind2="0" tag="245"><subfield code="a">Mozarts Kirchenmusik, Lieder und Chormusik</subfield><subfield code="c">hrsg. von Thomas Hochradner ... [et al.]</subfield></datafield><datafield ind1=" " ind2="1" tag="264"><subfield code="a">Laaber</subfield><subfield code="b">Laaber-Verlag</subfield><subfield code="c">2006</subfield></datafield><datafield ind1=" " ind2=" " tag="300"><subfield code="a">XII, 620 S.</subfield><subfield code="b">Ill.</subfield><subfield code="c">26 cm</subfield></datafield><datafield ind1=" " ind2=" " tag="336"><subfield code="b">txt</subfield><subfield code="2">rdacontent</subfield></datafield><datafield ind1=" " ind2=" " tag="337"><subfield code="b">n</subfield><subfield code="2">rdamedia</subfield></datafield><datafield ind1=" " ind2=" " tag="338"><subfield code="b">nc</subfield><subfield code="2">rdacarrier</subfield></datafield><datafield ind1="1" ind2=" " tag="490"><subfield code="a">Das Mozart-Handbuch</subfield><subfield code="v">Bd. 4</subfield></datafield><datafield ind1=" " ind2=" " tag="500"><subfield code="a">Mit 42 Abbildungen und 48 Notenbeispielen sowie einem Werkverzeichnis</subfield></datafield><datafield ind1="1" ind2="7" tag="600"><subfield code="a">Mozart, Wolfgang Amadeus</subfield><subfield code="x">Kirchenmusik</subfield><subfield code="2">idsbb</subfield></datafield><datafield ind1="1" ind2="7" tag="600"><subfield code="a">Mozart, Wolfgang Amadeus</subfield><subfield code="x">Lied</subfield><subfield code="2">idsbb</subfield></datafield><datafield ind1="1" ind2="7" tag="600"><subfield code="a">Mozart, Wolfgang Amadeus</subfield><subfield code="2">idszbz</subfield></datafield><datafield ind1="1" ind2="0" tag="600"><subfield code="a">Mozart, Wolfgang Amadeus</subfield><subfield code="d">1756-1791</subfield></datafield><datafield ind1="1" ind2="0" tag="600"><subfield code="a">Mozart, Wolfgang Amadeus</subfield><subfield code="d">1756-1791</subfield><subfield code="v">Dictionaries</subfield></datafield><datafield ind1="1" ind2="0" tag="600"><subfield code="a">Mozart, Wolfgang Amadeus</subfield><subfield code="d">1756-1791</subfield><subfield code="v">Handbooks, manuals, etc</subfield></datafield><datafield ind1="1" ind2="0" tag="600"><subfield code="a">Mozart, Wolfgang Amadeus</subfield><subfield code="d">1756-1791</subfield><subfield code="x">Criticism and interpretation</subfield></datafield><datafield ind1="1" ind2="4" tag="600"><subfield code="a">Mozart, Wolfgang Amadeus</subfield><subfield code="d">1756-1791</subfield><subfield code="0">(DE-588)118584596</subfield></datafield><datafield ind1="1" ind2="7" tag="600"><subfield code="a">Mozart, Wolfgang Amadeus</subfield><subfield code="d">1756-1791</subfield><subfield code="0">(IDREF)028266358</subfield><subfield code="2">idref</subfield></datafield><datafield ind1="1" ind2="7" tag="600"><subfield code="a">Mozart, Wolfgang Amadeus</subfield><subfield code="d">1756-1791</subfield><subfield code="0">(DE-588)118584596</subfield><subfield code="2">gnd</subfield></datafield><datafield ind1=" " ind2="7" tag="650"><subfield code="a">Kirchenmusik</subfield><subfield code="2">idszbz</subfield></datafield><datafield ind1=" " ind2="7" tag="650"><subfield code="a">Lied</subfield><subfield code="2">idszbz</subfield></datafield><datafield ind1=" " ind2="7" tag="650"><subfield code="a">Lied</subfield><subfield code="0">(DE-588)4035669-3</subfield><subfield code="2">gnd</subfield></datafield><datafield ind1=" " ind2="0" tag="650"><subfield code="a">Choral music</subfield></datafield><datafield ind1=" " ind2="0" tag="650"><subfield code="a">Church music</subfield></datafield><datafield ind1=" " ind2="7" tag="650"><subfield code="a">Lieder</subfield><subfield code="0">(IDREF)029473594</subfield><subfield code="2">idref</subfield></datafield><datafield ind1=" " ind2="7" tag="650"><subfield code="a">Messes (musique)</subfield><subfield code="0">(IDREF)052489973</subfield><subfield code="2">idref</subfield></datafield><datafield ind1=" " ind2="7" tag="650"><subfield code="a">Musique religieuse</subfield><subfield code="0">(IDREF)147646286</subfield><subfield code="2">idref</subfield></datafield><datafield ind1=" " ind2="7" tag="650"><subfield code="a">Choeurs (musique)</subfield><subfield code="0">(IDREF)027829758</subfield><subfield code="2">idref</subfield></datafield><datafield ind1=" " ind2="7" tag="650"><subfield code="a">Chormusik</subfield><subfield code="0">(DE-588)4131189-9</subfield><subfield code="2">gnd</subfield></datafield><datafield ind1=" " ind2="7" tag="650"><subfield code="a">Kirchenmusik</subfield><subfield code="0">(DE-588)4030736-0</subfield><subfield code="2">gnd</subfield></datafield><datafield ind1=" " ind2="7" tag="650"><subfield code="a">Kunstlied</subfield><subfield code="0">(DE-588)4166040-7</subfield><subfield code="2">gnd</subfield></datafield><datafield ind1=" " ind2="7" tag="655"><subfield code="a">Handbuch</subfield><subfield code="2">idszbz</subfield></datafield><datafield ind1=" " ind2="7" tag="655"><subfield code="a">Werkverzeichnis</subfield><subfield code="2">gnd-content</subfield></datafield><datafield ind1=" " ind2="7" tag="655"><subfield code="a">Aufsatzsammlung</subfield><subfield code="2">gnd-content</subfield></datafield><datafield ind1=" " ind2=" " tag="690"><subfield code="a">Kirchenmusik 1750-1900</subfield><subfield code="2">ubs-A9</subfield></datafield><datafield ind1=" " ind2=" " tag="690"><subfield code="a">Vokalmusik weltliche Chormusik 1750-1900</subfield><subfield code="2">ubs-A9</subfield></datafield><datafield ind1=" " ind2=" " tag="690"><subfield code="a">Vokalmusik weltliche Lied 1750-1900</subfield><subfield code="2">ubs-A9</subfield></datafield><datafield ind1=" " ind2=" " tag="690"><subfield code="a">Vokalmusik</subfield><subfield code="2">nebis-E4</subfield></datafield><datafield ind1=" " ind2=" " tag="690"><subfield code="a">Kirchenmusik</subfield><subfield code="2">nebis-E4</subfield></datafield><datafield ind1=" " ind2=" " tag="690"><subfield code="a">Musikalische Analyse</subfield><subfield code="2">nebis-E4</subfield></datafield><datafield ind1=" " ind2=" " tag="690"><subfield code="a">Mozart, Wolfgang Amadeus</subfield><subfield code="d">1756-1791</subfield><subfield code="2">nebis-E5</subfield></datafield><datafield ind1=" " ind2=" " tag="690"><subfield code="a">Mozart, Wolfgang Amadeus (1756-1791)</subfield><subfield code="2">uzb-UV</subfield></datafield><datafield ind1=" " ind2=" " tag="690"><subfield code="a">Kirchenmusik</subfield><subfield code="2">uzb-UV</subfield></datafield><datafield ind1=" " ind2=" " tag="690"><subfield code="a">Lied</subfield><subfield code="2">uzb-UV</subfield></datafield><datafield ind1=" " ind2=" " tag="690"><subfield code="a">Chormusik</subfield><subfield code="2">uzb-UV</subfield></datafield><datafield ind1="1" ind2=" " tag="700"><subfield code="a">Massenkeil, Günther</subfield></datafield><datafield ind1="1" ind2=" " tag="700"><subfield code="a">Hochradner, Thomas</subfield><subfield code="d">1963-</subfield><subfield code="0">(DE-588)104003359</subfield><subfield code="6">880-02</subfield></datafield><datafield ind1="1" ind2=" " tag="880"><subfield code="6">700-02</subfield><subfield code="a">Hochradner, Thomas</subfield><subfield code="0">(IDREF)06732939X</subfield></datafield><datafield ind1=" " ind2=" " tag="830"><subfield code="a">&lt;&lt;Das&gt;&gt; Mozart-Handbuch</subfield><subfield code="v">4</subfield><subfield code="w">(IDSBB)003684433DSV01</subfield></datafield><datafield ind1="4" ind2=" " tag="856"><subfield code="3">Inhaltsverzeichnis</subfield><subfield code="u">http://www.ub.unibas.ch/tox/HBZ/HT014508233/PDF</subfield><subfield code="q">pdf</subfield></datafield><datafield ind1=" " ind2=" " tag="900"><subfield code="a">IDSZ2zbzmon200608e</subfield><subfield code="c">IDSZ2kalh</subfield><subfield code="d">IDSZ2zbzswk200609b</subfield><subfield code="e">IDSZ2salg</subfield></datafield><datafield ind1=" " ind2=" " tag="900"><subfield code="a">REROnoselfmerge</subfield></datafield><datafield ind1=" " ind2=" " tag="949"><subfield code="a">http://www.ub.unibas.ch/tox/HBZ/HT014508233/PDF</subfield></datafield><datafield ind1=" " ind2=" " tag="960"><subfield code="2">matmu</subfield><subfield code="a">Autriche ; XVIIIe ; Classicisme ; Dictionnaires ; Musique sacrée ; Lied</subfield><subfield code="9">LOCAL</subfield></datafield><datafield ind1=" " ind2=" " tag="960"><subfield code="2">matmu</subfield><subfield code="a">Mozart, Wolfgang Amadeus</subfield><subfield code="9">LOCAL</subfield></datafield></record>
</metadata></record>