<record><header><identifier>oai:alma.41SLSP_UGE:991000023349705502</identifier><datestamp>2023-06-06T00:10:25Z</datestamp><setSpec>UNIGE_ALL</setSpec></header><metadata>
<record xmlns="http://www.loc.gov/MARC21/slim" xmlns:xsi="http://www.w3.org/2001/XMLSchema-instance" xsi:schemaLocation="http://www.loc.gov/MARC21/slim http://www.loc.gov/standards/marcxml/schema/MARC21slim.xsd"><leader>01687ngm a2200349 c 4500</leader><controlfield tag="001">991000023349705502</controlfield><controlfield tag="005">20230605205330.0</controlfield><controlfield tag="007">vd#|v||||</controlfield><controlfield tag="008">131010s2013    fr ||| |          v|fre d</controlfield><datafield ind1=" " ind2=" " tag="035"><subfield code="a">(swissbib)118253255-41slsp_network</subfield></datafield><datafield ind1=" " ind2=" " tag="035"><subfield code="a">118253255</subfield><subfield code="9">ExL</subfield></datafield><datafield ind1=" " ind2=" " tag="035"><subfield code="a">(RERO)R007500093-41slsp</subfield></datafield><datafield ind1=" " ind2=" " tag="035"><subfield code="a">(EXLNZ-41SLSP_NETWORK)991122093249705501</subfield></datafield><datafield ind1=" " ind2=" " tag="040"><subfield code="a">RERO geumem</subfield><subfield code="d">CH-ZuSLS</subfield></datafield><datafield ind1=" " ind2="7" tag="072"><subfield code="a">ur</subfield><subfield code="2">rero</subfield></datafield><datafield ind1="0" ind2="0" tag="245"><subfield code="a">Nucléaire</subfield><subfield code="b">exception française</subfield><subfield code="c">un film écrit par Frédéric Biamonti, Samuel Luret et Kenechi Watanabe ; réal. Frédéric Biamonti</subfield></datafield><datafield ind1=" " ind2="1" tag="264"><subfield code="a">[Lieu de publication non identifié]</subfield><subfield code="b">Morgane</subfield><subfield code="b">Kami [prod.]</subfield><subfield code="c">2013</subfield></datafield><datafield ind1=" " ind2=" " tag="300"><subfield code="a">1 DVD-R (70 min.)</subfield></datafield><datafield ind1=" " ind2=" " tag="336"><subfield code="b">tdi</subfield><subfield code="2">rdacontent</subfield></datafield><datafield ind1=" " ind2=" " tag="337"><subfield code="b">v</subfield><subfield code="2">rdamedia</subfield></datafield><datafield ind1=" " ind2=" " tag="338"><subfield code="b">vd</subfield><subfield code="2">rdacarrier</subfield></datafield><datafield ind1="0" ind2=" " tag="490"><subfield code="a">Docs interdits</subfield></datafield><datafield ind1=" " ind2=" " tag="500"><subfield code="a">Diffusé sur France 3, le 4 octobre 2013</subfield></datafield><datafield ind1="8" ind2=" " tag="520"><subfield code="a">&quot;Depuis la catastrophe de la centrale japonaise de Fukushima, le nucléaire vit à l'heure des critiques et des remises en cause. Malgré l'onde de choc qui résonne dans le monde entier, la France continue de promouvoir cette technologie. Avec ses 58 réacteurs procurant 74% de l'électricité et 410 000 emplois.&quot;</subfield><subfield code="5">RERO/geumem/10.2013</subfield></datafield><datafield ind1=" " ind2="7" tag="650"><subfield code="a">Industrie nucléaire</subfield><subfield code="0">(IDREF)027234819</subfield><subfield code="2">idref</subfield></datafield><datafield ind1=" " ind2="7" tag="650"><subfield code="a">Organisation industrielle</subfield><subfield code="0">(IDREF)02730566X</subfield><subfield code="2">idref</subfield></datafield><datafield ind1=" " ind2="7" tag="650"><subfield code="a">Coût-efficacité</subfield><subfield code="0">(IDREF)027793303</subfield><subfield code="2">idref</subfield></datafield><datafield ind1=" " ind2="7" tag="650"><subfield code="a">Énergies renouvelables</subfield><subfield code="0">(IDREF)027491706</subfield><subfield code="2">idref</subfield></datafield><datafield ind1=" " ind2="7" tag="651"><subfield code="a">France</subfield><subfield code="0">(IDREF)027226794</subfield><subfield code="2">idref</subfield></datafield><datafield ind1=" " ind2="7" tag="655"><subfield code="a">DVD</subfield><subfield code="0">(IDREF)035108444</subfield><subfield code="2">idref</subfield></datafield><datafield ind1="1" ind2=" " tag="700"><subfield code="a">Biamonti, Frédéric</subfield><subfield code="d">1964-...</subfield><subfield code="0">(IDREF)075871068</subfield></datafield><datafield ind1="1" ind2=" " tag="700"><subfield code="a">Luret, Samuel</subfield><subfield code="0">(IDREF)098178350</subfield></datafield><datafield ind1="1" ind2=" " tag="700"><subfield code="a">Watanabe, Kenichi</subfield><subfield code="c">réalisateur</subfield><subfield code="d">19..-....</subfield><subfield code="0">(IDREF)137813929</subfield></datafield></record>
</metadata></record>