<record><header><identifier>oai:alma.41SLSP_UGE:991000023659705502</identifier><datestamp>2023-03-03T01:08:36Z</datestamp><setSpec>uge_bcen_RapidILL_BOOK</setSpec><setSpec>uge_aaca_RapidILL_BOOK</setSpec><setSpec>uge_abels_RapidILL_BOOK</setSpec><setSpec>uge_dbu_RapidILL_BOOK</setSpec><setSpec>uge_cmu_RapidILL_BOOK</setSpec><setSpec>uge_mail_RapidILL_BOOK</setSpec><setSpec>uge_abbat_RapidILL_BOOK</setSpec><setSpec>UNIGE_ALL</setSpec><setSpec>uge_acar_RapidILL_BOOK</setSpec><setSpec>uge_aobs_RapidILL_BOOK</setSpec></header><metadata>
<record xmlns="http://www.loc.gov/MARC21/slim" xmlns:xsi="http://www.w3.org/2001/XMLSchema-instance" xsi:schemaLocation="http://www.loc.gov/MARC21/slim http://www.loc.gov/standards/marcxml/schema/MARC21slim.xsd"><leader>02727nam a2200781 c 4500</leader><controlfield tag="001">991000023659705502</controlfield><controlfield tag="005">20230302191401.0</controlfield><controlfield tag="008">201011s1998    gw       b||| 001 0 ger|d</controlfield><datafield ind1=" " ind2=" " tag="010"><subfield code="a">00465869</subfield></datafield><datafield ind1="7" ind2=" " tag="016"><subfield code="a">100966953</subfield><subfield code="2">DNLM</subfield></datafield><datafield ind1=" " ind2=" " tag="020"><subfield code="a">9783921801925</subfield></datafield><datafield ind1=" " ind2=" " tag="020"><subfield code="a">3921801923</subfield></datafield><datafield ind1=" " ind2=" " tag="035"><subfield code="a">(swissbib)21548102X-41slsp_network</subfield></datafield><datafield ind1=" " ind2=" " tag="035"><subfield code="a">21548102X</subfield><subfield code="9">ExL</subfield></datafield><datafield ind1=" " ind2=" " tag="035"><subfield code="a">(IDSBB)006725772DSV01</subfield></datafield><datafield ind1=" " ind2=" " tag="035"><subfield code="a">(RERO)R273127560-41slsp</subfield></datafield><datafield ind1=" " ind2=" " tag="035"><subfield code="a">(OCoLC)43251185</subfield></datafield><datafield ind1=" " ind2=" " tag="035"><subfield code="a">(EXLNZ-41SLSP_NETWORK)991086746299705501</subfield></datafield><datafield ind1=" " ind2=" " tag="040"><subfield code="a">EUW</subfield><subfield code="b">ger</subfield><subfield code="e">rda</subfield><subfield code="d">CH-ZuSLS</subfield></datafield><datafield ind1=" " ind2=" " tag="042"><subfield code="a">nlmcopyc</subfield></datafield><datafield ind1=" " ind2=" " tag="043"><subfield code="a">e-gx---</subfield></datafield><datafield ind1=" " ind2="0" tag="050"><subfield code="a">RJ103.G3</subfield><subfield code="b">H47 1998</subfield></datafield><datafield ind1="0" ind2="0" tag="060"><subfield code="a">2000 L-148</subfield></datafield><datafield ind1="1" ind2="0" tag="060"><subfield code="a">WS 11 GG4</subfield><subfield code="b">H587h 1998</subfield></datafield><datafield ind1=" " ind2="7" tag="072"><subfield code="a">me</subfield><subfield code="2">rero</subfield></datafield><datafield ind1="0" ind2="0" tag="082"><subfield code="a">618.92/000943</subfield><subfield code="2">21</subfield></datafield><datafield ind1=" " ind2=" " tag="084"><subfield code="a">XB 3598</subfield><subfield code="2">rvk</subfield></datafield><datafield ind1=" " ind2=" " tag="084"><subfield code="a">XB 5600</subfield><subfield code="2">rvk</subfield></datafield><datafield ind1=" " ind2=" " tag="084"><subfield code="a">XB 5698</subfield><subfield code="2">rvk</subfield></datafield><datafield ind1=" " ind2=" " tag="084"><subfield code="a">11</subfield><subfield code="2">sdnb</subfield></datafield><datafield ind1=" " ind2=" " tag="084"><subfield code="a">33</subfield><subfield code="2">sdnb</subfield></datafield><datafield ind1=" " ind2=" " tag="084"><subfield code="a">610</subfield><subfield code="2">sdnb</subfield></datafield><datafield ind1="1" ind2=" " tag="100"><subfield code="a">Heßling, Jörg</subfield><subfield code="d">1962-</subfield><subfield code="0">(DE-588)120905094</subfield><subfield code="e">Verfasser</subfield><subfield code="4">aut</subfield></datafield><datafield ind1="1" ind2="0" tag="245"><subfield code="a">&lt;&lt;Die&gt;&gt; Haltung zu Kindern in der deutschen Kinderheilkunde von 1877 bis 1980</subfield><subfield code="c">Jörg Hessling</subfield></datafield><datafield ind1=" " ind2="1" tag="264"><subfield code="a">Herzogenrath</subfield><subfield code="b">Murken-Altrogge</subfield><subfield code="c">1998</subfield></datafield><datafield ind1=" " ind2=" " tag="300"><subfield code="a">221 Seiten</subfield><subfield code="c">21 cm</subfield></datafield><datafield ind1=" " ind2=" " tag="336"><subfield code="b">txt</subfield><subfield code="2">rdacontent</subfield></datafield><datafield ind1=" " ind2=" " tag="337"><subfield code="b">n</subfield><subfield code="2">rdamedia</subfield></datafield><datafield ind1=" " ind2=" " tag="338"><subfield code="b">nc</subfield><subfield code="2">rdacarrier</subfield></datafield><datafield ind1="1" ind2=" " tag="490"><subfield code="a">Studien zur Medizin-, Kunst- und Literaturgeschichte</subfield><subfield code="v">Bd. 42</subfield></datafield><datafield ind1=" " ind2=" " tag="502"><subfield code="b">Dissertation</subfield><subfield code="c">RWTH Aachen</subfield><subfield code="d">1998</subfield></datafield><datafield ind1=" " ind2=" " tag="504"><subfield code="a">Includes bibliographical references (pages 206-207) and index</subfield></datafield><datafield ind1=" " ind2="7" tag="648"><subfield code="a">Geschichte 1877-1980</subfield><subfield code="2">gnd</subfield></datafield><datafield ind1=" " ind2="0" tag="650"><subfield code="a">Children</subfield><subfield code="x">Health and hygiene</subfield><subfield code="z">Germany</subfield><subfield code="x">History</subfield></datafield><datafield ind1=" " ind2="0" tag="650"><subfield code="a">Pediatrics</subfield><subfield code="z">Germany</subfield><subfield code="x">History</subfield></datafield><datafield ind1=" " ind2="2" tag="650"><subfield code="a">Pediatrics</subfield><subfield code="x">history</subfield><subfield code="0">(DNLM)D010372Q000266</subfield></datafield><datafield ind1=" " ind2="2" tag="650"><subfield code="a">Attitude to Health</subfield><subfield code="0">(DNLM)D001294</subfield></datafield><datafield ind1=" " ind2="2" tag="650"><subfield code="a">Child</subfield><subfield code="0">(DNLM)D002648</subfield></datafield><datafield ind1=" " ind2="2" tag="650"><subfield code="a">Child Welfare</subfield><subfield code="x">history</subfield><subfield code="0">(DNLM)D002669Q000266</subfield></datafield><datafield ind1=" " ind2="2" tag="650"><subfield code="a">Health Knowledge, Attitudes, Practice</subfield><subfield code="0">(DNLM)D007722</subfield></datafield><datafield ind1=" " ind2="7" tag="650"><subfield code="a">Children</subfield><subfield code="x">Health and hygiene</subfield><subfield code="2">fast</subfield></datafield><datafield ind1=" " ind2="7" tag="650"><subfield code="a">Pediatrics</subfield><subfield code="2">fast</subfield></datafield><datafield ind1=" " ind2="7" tag="650"><subfield code="a">Entwicklung</subfield><subfield code="0">(DE-588)4113450-3</subfield><subfield code="2">gnd</subfield></datafield><datafield ind1=" " ind2="7" tag="650"><subfield code="a">Kind</subfield><subfield code="0">(DE-588)4030550-8</subfield><subfield code="2">gnd</subfield></datafield><datafield ind1=" " ind2="7" tag="650"><subfield code="a">Kinderheilkunde</subfield><subfield code="0">(DE-588)4030594-6</subfield><subfield code="2">gnd</subfield></datafield><datafield ind1=" " ind2="7" tag="650"><subfield code="a">Wertorientierung</subfield><subfield code="0">(DE-588)4132695-7</subfield><subfield code="2">gnd</subfield></datafield><datafield ind1=" " ind2="2" tag="650"><subfield code="a">Pediatrics</subfield><subfield code="x">history</subfield></datafield><datafield ind1=" " ind2="7" tag="650"><subfield code="a">Pédiatrie</subfield><subfield code="0">(IDREF)027246175</subfield><subfield code="2">idref</subfield></datafield><datafield ind1=" " ind2="7" tag="650"><subfield code="a">1877-1980</subfield><subfield code="2">rero</subfield></datafield><datafield ind1=" " ind2="2" tag="651"><subfield code="a">Germany</subfield><subfield code="0">(DNLM)D005858</subfield></datafield><datafield ind1=" " ind2="7" tag="651"><subfield code="a">Germany</subfield><subfield code="2">fast</subfield></datafield><datafield ind1=" " ind2="7" tag="651"><subfield code="a">Deutschland</subfield><subfield code="0">(DE-588)4011882-4</subfield><subfield code="2">gnd</subfield></datafield><datafield ind1=" " ind2="2" tag="651"><subfield code="a">Germany</subfield></datafield><datafield ind1=" " ind2="7" tag="651"><subfield code="a">Allemagne</subfield><subfield code="0">(IDREF)027218856</subfield><subfield code="2">idref</subfield></datafield><datafield ind1=" " ind2="7" tag="655"><subfield code="a">History</subfield><subfield code="2">fast</subfield></datafield><datafield ind1=" " ind2="7" tag="655"><subfield code="a">Hochschulschrift</subfield><subfield code="2">gnd-content</subfield></datafield><datafield ind1="1" ind2=" " tag="700"><subfield code="a">Hessling, Jörg</subfield><subfield code="0">(RERO)A006086840</subfield><subfield code="4">cre</subfield></datafield><datafield ind1=" " ind2="0" tag="830"><subfield code="a">Studien zur Medizin-, Kunst- und Literaturgeschichte</subfield><subfield code="v">42</subfield><subfield code="w">(IDSBB)000199785DSV01</subfield></datafield><datafield ind1=" " ind2=" " tag="900"><subfield code="a">REROnoselfmerge</subfield></datafield></record>
</metadata></record>