<record><header><identifier>oai:alma.41SLSP_UGE:991000022849705502</identifier><datestamp>2024-07-12T00:08:03Z</datestamp><setSpec>uge_bcen_RapidILL_BOOK</setSpec><setSpec>uge_aaca_RapidILL_BOOK</setSpec><setSpec>uge_abels_RapidILL_BOOK</setSpec><setSpec>uge_dbu_RapidILL_BOOK</setSpec><setSpec>uge_cmu_RapidILL_BOOK</setSpec><setSpec>uge_mail_RapidILL_BOOK</setSpec><setSpec>uge_abbat_RapidILL_BOOK</setSpec><setSpec>UNIGE_ALL</setSpec><setSpec>uge_acar_RapidILL_BOOK</setSpec><setSpec>uge_aobs_RapidILL_BOOK</setSpec></header><metadata>
<record xmlns="http://www.loc.gov/MARC21/slim" xmlns:xsi="http://www.w3.org/2001/XMLSchema-instance" xsi:schemaLocation="http://www.loc.gov/MARC21/slim http://www.loc.gov/standards/marcxml/schema/MARC21slim.xsd"><leader>02381nam a2200625 c 4500</leader><controlfield tag="001">991000022849705502</controlfield><controlfield tag="005">20230410143917.0</controlfield><controlfield tag="008">201011t20162016fr ||||| |||| 00| ||fre d</controlfield><datafield ind1=" " ind2=" " tag="019"><subfield code="a">Notice analytique</subfield><subfield code="5">RERO/neubfd/05.2016</subfield></datafield><datafield ind1=" " ind2=" " tag="020"><subfield code="a">9791023105209</subfield><subfield code="c">28 euros</subfield></datafield><datafield ind1="7" ind2=" " tag="024"><subfield code="a">http://catalogue.bnf.fr/ark:/12148/cb45021280v</subfield><subfield code="2">uri</subfield></datafield><datafield ind1=" " ind2=" " tag="035"><subfield code="a">(swissbib)213862093-41slsp_network</subfield></datafield><datafield ind1=" " ind2=" " tag="035"><subfield code="a">213862093</subfield><subfield code="9">ExL</subfield></datafield><datafield ind1=" " ind2=" " tag="035"><subfield code="a">(RERO)R008320688-41slsp</subfield></datafield><datafield ind1=" " ind2=" " tag="035"><subfield code="a">(IDSBB)006511194DSV01</subfield></datafield><datafield ind1=" " ind2=" " tag="035"><subfield code="a">(OCoLC)939486158</subfield></datafield><datafield ind1=" " ind2=" " tag="035"><subfield code="a">(EXLNZ-41SLSP_NETWORK)991089665399705501</subfield></datafield><datafield ind1=" " ind2=" " tag="040"><subfield code="a">RERO geulhg</subfield><subfield code="d">CH-ZuSLS</subfield></datafield><datafield ind1=" " ind2=" " tag="043"><subfield code="a">e-fr---</subfield></datafield><datafield ind1="1" ind2="4" tag="050"><subfield code="a">HV</subfield></datafield><datafield ind1=" " ind2="7" tag="072"><subfield code="a">ht</subfield><subfield code="2">rero</subfield></datafield><datafield ind1=" " ind2="7" tag="072"><subfield code="a">dr</subfield><subfield code="2">rero</subfield></datafield><datafield ind1=" " ind2="7" tag="072"><subfield code="a">ma</subfield><subfield code="2">SzZuIDS BS/BE</subfield></datafield><datafield ind1="1" ind2="4" tag="082"><subfield code="a">350</subfield><subfield code="2">15</subfield></datafield><datafield ind1=" " ind2=" " tag="084"><subfield code="a">A 42 g</subfield><subfield code="2">cjurrom</subfield></datafield><datafield ind1=" " ind2=" " tag="084"><subfield code="a">A 43 g</subfield><subfield code="2">cjurrom</subfield></datafield><datafield ind1="0" ind2="0" tag="245"><subfield code="a">&lt;&lt;Les&gt;&gt; gendarmeries dans le monde</subfield><subfield code="b">de la Révolution française à nos jours</subfield><subfield code="c">Arnaud-Dominique Houte &amp; Jean-Noël Luc (dir.)</subfield></datafield><datafield ind1=" " ind2="1" tag="264"><subfield code="a">Paris</subfield><subfield code="b">PUPS - Presses de l'université Paris-Sorbonne</subfield><subfield code="c">2016</subfield></datafield><datafield ind1=" " ind2="4" tag="264"><subfield code="c">© 2016</subfield></datafield><datafield ind1=" " ind2=" " tag="300"><subfield code="a">413 pages</subfield><subfield code="b">figures, tableaux, cartes</subfield></datafield><datafield ind1=" " ind2=" " tag="336"><subfield code="b">txt</subfield><subfield code="2">rdacontent</subfield></datafield><datafield ind1=" " ind2=" " tag="337"><subfield code="b">n</subfield><subfield code="2">rdamedia</subfield></datafield><datafield ind1=" " ind2=" " tag="338"><subfield code="b">nc</subfield><subfield code="2">rdacarrier</subfield></datafield><datafield ind1="0" ind2=" " tag="490"><subfield code="a">Mondes contemporains</subfield></datafield><datafield ind1=" " ind2=" " tag="504"><subfield code="a">Includes bibliographical references</subfield></datafield><datafield ind1="2" ind2="7" tag="610"><subfield code="a">France</subfield><subfield code="b">Gendarmerie nationale</subfield><subfield code="0">(IDREF)050560271</subfield><subfield code="2">idref</subfield></datafield><datafield ind1="1" ind2="0" tag="610"><subfield code="a">France</subfield><subfield code="b">Gendarmerie nationale</subfield><subfield code="x">History</subfield></datafield><datafield ind1="1" ind2="7" tag="610"><subfield code="a">France</subfield><subfield code="b">Gendarmerie nationale</subfield><subfield code="2">fast</subfield></datafield><datafield ind1=" " ind2="7" tag="648"><subfield code="a">Since 1789</subfield><subfield code="2">fast</subfield></datafield><datafield ind1=" " ind2="7" tag="648"><subfield code="a">Geschichte 1789-2015</subfield><subfield code="2">gnd</subfield></datafield><datafield ind1=" " ind2="7" tag="650"><subfield code="a">Transferts internationaux d'institutions et de politiques publiques</subfield><subfield code="0">(IDREF)145909409</subfield><subfield code="2">idref</subfield></datafield><datafield ind1=" " ind2="7" tag="650"><subfield code="a">18e siècle (fin)-21e siècle (début)</subfield><subfield code="0">(RERO)A023085576</subfield><subfield code="2">rero</subfield></datafield><datafield ind1=" " ind2="0" tag="650"><subfield code="a">Police</subfield><subfield code="z">France</subfield><subfield code="x">History</subfield></datafield><datafield ind1=" " ind2="7" tag="650"><subfield code="a">Police</subfield><subfield code="2">fast</subfield></datafield><datafield ind1=" " ind2="7" tag="650"><subfield code="a">Gendarmerie</subfield><subfield code="0">(DE-588)4130708-2</subfield><subfield code="2">gnd</subfield></datafield><datafield ind1=" " ind2="0" tag="651"><subfield code="a">France</subfield><subfield code="x">History</subfield><subfield code="y">1789-</subfield></datafield><datafield ind1=" " ind2="0" tag="651"><subfield code="a">France</subfield><subfield code="x">History, Military</subfield></datafield><datafield ind1=" " ind2="7" tag="651"><subfield code="a">France</subfield><subfield code="2">fast</subfield></datafield><datafield ind1=" " ind2="7" tag="655"><subfield code="a">History</subfield><subfield code="2">fast</subfield></datafield><datafield ind1=" " ind2="7" tag="655"><subfield code="a">Military history</subfield><subfield code="2">fast</subfield></datafield><datafield ind1="1" ind2=" " tag="700"><subfield code="a">Luc, Jean-Noël</subfield><subfield code="d">1950-....</subfield><subfield code="0">(IDREF)026996987</subfield></datafield><datafield ind1="1" ind2=" " tag="700"><subfield code="a">Houte, Arnaud-Dominique</subfield><subfield code="d">1977-</subfield><subfield code="0">(DE-588)1061049108</subfield><subfield code="e">Herausgeber</subfield><subfield code="4">edt</subfield><subfield code="6">880-03</subfield></datafield><datafield ind1="1" ind2=" " tag="880"><subfield code="6">700-03</subfield><subfield code="a">Houte, Arnaud-Dominique</subfield><subfield code="c">enseignant-chercheur en histoire</subfield><subfield code="d">1977-....</subfield><subfield code="0">(IDREF)052586006</subfield></datafield><datafield ind1="4" ind2=" " tag="856"><subfield code="3">Inhaltsverzeichnis</subfield><subfield code="u">http://www.ub.unibas.ch/tox/IDSBB/006511194/PDF</subfield><subfield code="q">pdf</subfield></datafield><datafield ind1=" " ind2=" " tag="900"><subfield code="a">REROnoselfmerge</subfield></datafield><datafield ind1=" " ind2=" " tag="949"><subfield code="a">http://www.ub.unibas.ch/tox/IDSBB/006511194/PDF</subfield></datafield></record>
</metadata></record>