<record><header><identifier>oai:alma.41SLSP_UGE:991000023159705502</identifier><datestamp>2023-05-23T00:13:04Z</datestamp><setSpec>uge_bcen_RapidILL_BOOK</setSpec><setSpec>uge_aaca_RapidILL_BOOK</setSpec><setSpec>uge_abels_RapidILL_BOOK</setSpec><setSpec>uge_dbu_RapidILL_BOOK</setSpec><setSpec>uge_cmu_RapidILL_BOOK</setSpec><setSpec>uge_mail_RapidILL_BOOK</setSpec><setSpec>uge_abbat_RapidILL_BOOK</setSpec><setSpec>UNIGE_ALL</setSpec><setSpec>uge_aobs_RapidILL_BOOK</setSpec><setSpec>uge_acar_RapidILL_BOOK</setSpec></header><metadata>
<record xmlns="http://www.loc.gov/MARC21/slim" xmlns:xsi="http://www.w3.org/2001/XMLSchema-instance" xsi:schemaLocation="http://www.loc.gov/MARC21/slim http://www.loc.gov/standards/marcxml/schema/MARC21slim.xsd"><leader>04506nam a2200733 c 4500</leader><controlfield tag="001">991000023159705502</controlfield><controlfield tag="005">20230516211141.0</controlfield><controlfield tag="008">201012s2017    gw       |||| 100 0 ger| </controlfield><datafield ind1=" " ind2=" " tag="020"><subfield code="a">9783515118415</subfield><subfield code="q">hardcover</subfield></datafield><datafield ind1=" " ind2=" " tag="035"><subfield code="a">(swissbib)241808995-41slsp_network</subfield></datafield><datafield ind1=" " ind2=" " tag="035"><subfield code="a">241808995</subfield><subfield code="9">ExL</subfield></datafield><datafield ind1=" " ind2=" " tag="035"><subfield code="a">(NEBIS)011055723EBI01</subfield></datafield><datafield ind1=" " ind2=" " tag="035"><subfield code="a">(IDSBB)006743352DSV01</subfield></datafield><datafield ind1=" " ind2=" " tag="035"><subfield code="a">(RERO)R008690283-41slsp</subfield></datafield><datafield ind1=" " ind2=" " tag="035"><subfield code="a">(EXLNZ-41SLSP_NETWORK)991038356669705501</subfield></datafield><datafield ind1=" " ind2=" " tag="040"><subfield code="a">RERO gevbge</subfield><subfield code="b">ger</subfield><subfield code="e">rda</subfield><subfield code="d">CH-ZuSLS</subfield></datafield><datafield ind1=" " ind2="7" tag="072"><subfield code="a">ag</subfield><subfield code="2">SzZuIDS BS/BE</subfield></datafield><datafield ind1=" " ind2="7" tag="072"><subfield code="a">ha</subfield><subfield code="2">rero</subfield></datafield><datafield ind1="1" ind2=" " tag="080"><subfield code="a">937.08</subfield></datafield><datafield ind1="0" ind2="4" tag="082"><subfield code="a">937.07</subfield><subfield code="2">22/ger</subfield></datafield><datafield ind1="1" ind2="4" tag="082"><subfield code="a">870</subfield><subfield code="2">15</subfield></datafield><datafield ind1="1" ind2="4" tag="082"><subfield code="a">880</subfield><subfield code="2">15</subfield></datafield><datafield ind1="1" ind2="4" tag="082"><subfield code="a">930</subfield><subfield code="2">15</subfield></datafield><datafield ind1=" " ind2=" " tag="084"><subfield code="a">FB 4068</subfield><subfield code="2">rvk</subfield></datafield><datafield ind1=" " ind2=" " tag="084"><subfield code="a">NH 7325</subfield><subfield code="2">rvk</subfield></datafield><datafield ind1=" " ind2=" " tag="084"><subfield code="a">NH 8575</subfield><subfield code="2">rvk</subfield></datafield><datafield ind1=" " ind2=" " tag="084"><subfield code="a">480</subfield><subfield code="2">sdnb</subfield></datafield><datafield ind1=" " ind2=" " tag="084"><subfield code="a">930</subfield><subfield code="2">sdnb</subfield></datafield><datafield ind1=" " ind2=" " tag="084"><subfield code="a">FB 4475</subfield><subfield code="2">rvk</subfield></datafield><datafield ind1=" " ind2=" " tag="084"><subfield code="a">FB 5635</subfield><subfield code="2">rvk</subfield></datafield><datafield ind1=" " ind2=" " tag="084"><subfield code="a">NH 7650</subfield><subfield code="2">rvk</subfield></datafield><datafield ind1="2" ind2=" " tag="111"><subfield code="a">&lt;&lt;Das&gt;&gt; 3. Jahrhundert nach Christus - Kontinuitäten im Übergang</subfield><subfield code="g">Veranstaltung</subfield><subfield code="d">2014</subfield><subfield code="c">Wuppertal</subfield><subfield code="0">(DE-588)1137386770</subfield></datafield><datafield ind1="1" ind2="0" tag="245"><subfield code="a">&lt;&lt;Das&gt;&gt; dritte Jahrhundert</subfield><subfield code="b">Kontinuitäten, Brüche, Übergänge : Ergebnisse der Tagung der Mommsen-Gesellschaft am 21.-22.11.2014 an der Bergischen Universität Wuppertal</subfield><subfield code="c">herausgegeben von Armin Eich, Stefan Freund, Meike Rühl und Christoph Schubert</subfield></datafield><datafield ind1=" " ind2="1" tag="264"><subfield code="a">Stuttgart</subfield><subfield code="b">Franz Steiner Verlag</subfield><subfield code="c">[2017]</subfield></datafield><datafield ind1=" " ind2=" " tag="300"><subfield code="a">286 Seiten</subfield><subfield code="b">Illustrationen</subfield></datafield><datafield ind1=" " ind2=" " tag="336"><subfield code="b">txt</subfield><subfield code="2">rdacontent</subfield></datafield><datafield ind1=" " ind2=" " tag="337"><subfield code="b">n</subfield><subfield code="2">rdamedia</subfield></datafield><datafield ind1=" " ind2=" " tag="338"><subfield code="b">nc</subfield><subfield code="2">rdacarrier</subfield></datafield><datafield ind1="0" ind2=" " tag="490"><subfield code="a">Klassische Philologie</subfield></datafield><datafield ind1="1" ind2=" " tag="490"><subfield code="a">Palingenesia</subfield><subfield code="v">Band 108</subfield></datafield><datafield ind1=" " ind2=" " tag="520"><subfield code="a">Die Epoche zwischen Mark Aurel und Konstantin gilt gemeinhin als eine Zeit krisenhaften Umbruchs und tiefgreifender Veränderungen in politischer, sozio-ökonomischer und religiöser Hinsicht. Auch in Literatur, Philosophie und Kunst richtet sich der Blick oft auf Abbrüche und Neuanfänge. Die Beiträge dieses Bandes, der auf eine Tagung der Mommsen-Gesellschaft zurückgeht, wagen sich an eine differenziertere Beschreibung und Beurteilung der Epoche. Autorinnen und Autoren aus allen Bereichen der Altertumswissenschaft nehmen hierfür exemplarische Analysen vor – und stoßen dabei immer wieder auf paradoxe Befunde: Verengung der künstlerischen Motivsprache und gleichzeitige Ausweitung spiritueller Bedeutungen; Erstarrung des Schul- und Kulturbetriebs und innere Lebendigkeit der Deklamation; Übernahme traditioneller Funktionen und Motive der Literatur durch völlig neu konzipierte christliche Gattungen; isolierte experimentelle Sonderformen der Dichtung, die spätere Entwicklungen vorwegnehmen; auch die Spuren langer Vorbereitungsprozesse philosophischer Durchbrüche lassen sich ausmachen.</subfield></datafield><datafield ind1=" " ind2=" " tag="520"><subfield code="a">Römerzeit - Kaiserzeit - Literatur - Kunst - Philosophie - Militärgeschichte - Sozialgeschichte - Wirtschaftsgeschichte</subfield><subfield code="5">ubs-Archäologie</subfield></datafield><datafield ind1=" " ind2="7" tag="648"><subfield code="a">Geschichte 200-300</subfield><subfield code="2">gnd</subfield></datafield><datafield ind1=" " ind2="7" tag="650"><subfield code="a">3e siècle</subfield><subfield code="0">(IDREF)028018699</subfield><subfield code="2">idref</subfield></datafield><datafield ind1=" " ind2="7" tag="650"><subfield code="a">Crises politiques</subfield><subfield code="0">(IDREF)027262510</subfield><subfield code="2">idref</subfield></datafield><datafield ind1=" " ind2="7" tag="650"><subfield code="a">Littérature latine</subfield><subfield code="0">(IDREF)027236986</subfield><subfield code="2">idref</subfield></datafield><datafield ind1=" " ind2="7" tag="651"><subfield code="a">Römisches Reich</subfield><subfield code="0">(DE-588)4076778-4</subfield><subfield code="2">gnd</subfield></datafield><datafield ind1=" " ind2="0" tag="651"><subfield code="a">Rome</subfield><subfield code="x">Civilization</subfield><subfield code="v">Congresses</subfield></datafield><datafield ind1=" " ind2="0" tag="651"><subfield code="a">Rome</subfield><subfield code="x">History</subfield><subfield code="y">Empire, 30 B.C.-284 A.D</subfield><subfield code="v">Congresses</subfield></datafield><datafield ind1=" " ind2="7" tag="651"><subfield code="a">Rome</subfield><subfield code="0">(IDREF)027243001</subfield><subfield code="2">idref</subfield></datafield><datafield ind1=" " ind2="7" tag="655"><subfield code="a">Konferenzschrift</subfield><subfield code="z">Wuppertal</subfield><subfield code="y">2014</subfield><subfield code="2">gnd-content</subfield></datafield><datafield ind1=" " ind2="7" tag="655"><subfield code="a">Actes de congrès</subfield><subfield code="0">(IDREF)02886431X</subfield><subfield code="2">idref</subfield></datafield><datafield ind1=" " ind2="7" tag="651"><subfield code="a">Rome</subfield><subfield code="y">235-284 (Anarchie militaire)</subfield><subfield code="0">(IDREF)027777626</subfield><subfield code="2">idref</subfield></datafield><datafield ind1="1" ind2=" " tag="700"><subfield code="a">Freund, Stefan</subfield><subfield code="d">1969-</subfield><subfield code="0">(DE-588)14101718X</subfield><subfield code="e">Herausgeber</subfield><subfield code="4">edt</subfield></datafield><datafield ind1="1" ind2=" " tag="700"><subfield code="a">Rühl, Meike</subfield><subfield code="d">1973-</subfield><subfield code="0">(DE-588)132551632</subfield><subfield code="e">Herausgeber</subfield><subfield code="4">edt</subfield></datafield><datafield ind1="1" ind2=" " tag="700"><subfield code="a">Schubert, Christoph</subfield><subfield code="d">1970-</subfield><subfield code="0">(DE-588)124321267</subfield><subfield code="e">Herausgeber</subfield><subfield code="4">edt</subfield></datafield><datafield ind1="1" ind2=" " tag="700"><subfield code="a">Eich, Armin</subfield><subfield code="d">1965-</subfield><subfield code="0">(DE-588)121944948</subfield><subfield code="e">Herausgeber</subfield><subfield code="e">Verfasser eines Vorworts</subfield><subfield code="4">edt</subfield><subfield code="4">wpr</subfield><subfield code="6">880-05</subfield></datafield><datafield ind1="1" ind2=" " tag="880"><subfield code="6">700-05</subfield><subfield code="a">Eich, Armin</subfield><subfield code="d">1965-....</subfield><subfield code="0">(IDREF)073699969</subfield></datafield><datafield ind1="2" ind2=" " tag="710"><subfield code="a">Mommsen-Gesellschaft</subfield><subfield code="b">Tagung</subfield><subfield code="d">2014</subfield><subfield code="c">Wuppertal</subfield><subfield code="0">(RERO)A027107776</subfield></datafield><datafield ind1="2" ind2=" " tag="710"><subfield code="a">Bergische Universität Wuppertal</subfield><subfield code="0">(DE-588)64944-2</subfield><subfield code="e">Gastgebende Institution</subfield><subfield code="4">his</subfield></datafield><datafield ind1="2" ind2=" " tag="710"><subfield code="a">Mommsen-Gesellschaft</subfield><subfield code="0">(DE-588)515705-5</subfield><subfield code="e">Veranstalter</subfield><subfield code="4">orm</subfield></datafield><datafield ind1="4" ind2=" " tag="856"><subfield code="3">Titelblatt und Inhaltsverzeichnis</subfield><subfield code="u">https://toc.library.ethz.ch/objects/pdf03/z01_978-3-515-11841-5_01.pdf</subfield><subfield code="q">pdf</subfield></datafield><datafield ind1=" " ind2="0" tag="830"><subfield code="a">Palingenesia</subfield><subfield code="v">108</subfield><subfield code="w">(NEBIS)000989393EBI01</subfield></datafield><datafield ind1=" " ind2=" " tag="900"><subfield code="a">IDSZ2zbzmon201807l</subfield><subfield code="c">IDSZ2marq</subfield><subfield code="d">IDSZ2zbzswk201808b</subfield><subfield code="e">IDSZ2brue</subfield></datafield><datafield ind1=" " ind2=" " tag="949"><subfield code="a">https://toc.library.ethz.ch/objects/pdf03/z01_978-3-515-11841-5_01.pdf</subfield></datafield></record>
</metadata></record>