<record><header><identifier>oai:alma.41SLSP_UGE:991000023049705502</identifier><datestamp>2023-03-01T01:09:13Z</datestamp><setSpec>uge_bcen_RapidILL_BOOK</setSpec><setSpec>uge_aaca_RapidILL_BOOK</setSpec><setSpec>uge_abels_RapidILL_BOOK</setSpec><setSpec>uge_dbu_RapidILL_BOOK</setSpec><setSpec>uge_cmu_RapidILL_BOOK</setSpec><setSpec>uge_mail_RapidILL_BOOK</setSpec><setSpec>UNIGE_ALL</setSpec><setSpec>uge_abbat_RapidILL_BOOK</setSpec><setSpec>uge_aobs_RapidILL_BOOK</setSpec><setSpec>uge_acar_RapidILL_BOOK</setSpec></header><metadata>
<record xmlns="http://www.loc.gov/MARC21/slim" xmlns:xsi="http://www.w3.org/2001/XMLSchema-instance" xsi:schemaLocation="http://www.loc.gov/MARC21/slim http://www.loc.gov/standards/marcxml/schema/MARC21slim.xsd"><leader>02172nam a2200445 c 4500</leader><controlfield tag="001">991000023049705502</controlfield><controlfield tag="005">20230116182256.0</controlfield><controlfield tag="008">201011t19961996gw ||||| |||| 10| ||eng d</controlfield><datafield ind1=" " ind2=" " tag="020"><subfield code="a">3540617493</subfield></datafield><datafield ind1=" " ind2=" " tag="035"><subfield code="a">(swissbib)211880655-41slsp_network</subfield></datafield><datafield ind1=" " ind2=" " tag="035"><subfield code="a">211880655</subfield><subfield code="9">ExL</subfield></datafield><datafield ind1=" " ind2=" " tag="035"><subfield code="a">(RERO)2265571-41slsp</subfield></datafield><datafield ind1=" " ind2=" " tag="035"><subfield code="a">(NEBIS)001654571EBI01</subfield></datafield><datafield ind1=" " ind2=" " tag="035"><subfield code="a">(EXLNZ-41SLSP_NETWORK)991126212839705501</subfield></datafield><datafield ind1=" " ind2=" " tag="040"><subfield code="a">RERO geucui</subfield><subfield code="d">CH-ZuSLS</subfield></datafield><datafield ind1=" " ind2="7" tag="072"><subfield code="a">in</subfield><subfield code="2">rero</subfield></datafield><datafield ind1="0" ind2="0" tag="245"><subfield code="a">Evolutionary computing</subfield><subfield code="b">AISB workshop, Brighton, U.K., April 1-2, 1996 : selected papers</subfield><subfield code="c">Terence C. Fogarty, (ed.)</subfield></datafield><datafield ind1=" " ind2="1" tag="264"><subfield code="a">Berlin [etc.]</subfield><subfield code="b">Springer</subfield><subfield code="c">[1996]</subfield></datafield><datafield ind1=" " ind2="4" tag="264"><subfield code="c">© 1996</subfield></datafield><datafield ind1=" " ind2=" " tag="300"><subfield code="a">VIII, 304 p.</subfield><subfield code="b">ill.</subfield><subfield code="c">24 cm</subfield></datafield><datafield ind1=" " ind2=" " tag="336"><subfield code="b">txt</subfield><subfield code="2">rdacontent</subfield></datafield><datafield ind1=" " ind2=" " tag="337"><subfield code="b">n</subfield><subfield code="2">rdamedia</subfield></datafield><datafield ind1=" " ind2=" " tag="338"><subfield code="b">nc</subfield><subfield code="2">rdacarrier</subfield></datafield><datafield ind1="1" ind2=" " tag="490"><subfield code="a">Lecture notes in computer science</subfield><subfield code="v">1143</subfield></datafield><datafield ind1=" " ind2=" " tag="500"><subfield code="a">Anlassname: Third AISB Workshop on Evolutionary Computing</subfield></datafield><datafield ind1=" " ind2="7" tag="650"><subfield code="a">Intelligence artificielle</subfield><subfield code="0">(IDREF)027234541</subfield><subfield code="2">idref</subfield></datafield><datafield ind1=" " ind2="7" tag="650"><subfield code="a">GENETISCHE ALGORITHMEN (MATHEMATISCHE OPTIMIERUNG)</subfield><subfield code="9">ger</subfield><subfield code="0">(ETHUDK)000042321</subfield><subfield code="2">ethudk</subfield></datafield><datafield ind1=" " ind2="7" tag="650"><subfield code="a">MASCHINELLES LERNEN (KÜNSTLICHE INTELLIGENZ)</subfield><subfield code="9">ger</subfield><subfield code="0">(ETHUDK)000038192</subfield><subfield code="2">ethudk</subfield></datafield><datafield ind1=" " ind2="7" tag="655"><subfield code="a">Actes de congrès</subfield><subfield code="0">(IDREF)02886431X</subfield><subfield code="2">idref</subfield></datafield><datafield ind1=" " ind2="7" tag="655"><subfield code="a">Konferenzschrift</subfield><subfield code="z">Brighton</subfield><subfield code="y">1996/04</subfield><subfield code="2">gnd-content</subfield></datafield><datafield ind1=" " ind2=" " tag="690"><subfield code="a">F.1</subfield><subfield code="d">COMPUTATION BY ABSTRACT DEVICES</subfield><subfield code="2">uzb-UM</subfield></datafield><datafield ind1=" " ind2=" " tag="690"><subfield code="a">F.2</subfield><subfield code="d">ANALYSIS OF ALGORITHMS AND PROBLEM COMPLEXITY</subfield><subfield code="2">uzb-UM</subfield></datafield><datafield ind1="1" ind2=" " tag="700"><subfield code="a">Fogarty, Terence C.</subfield><subfield code="0">(IDREF)250605732</subfield></datafield><datafield ind1="2" ind2=" " tag="710"><subfield code="a">Society for the Study of Artificial Intelligence and Simulation of Behaviour</subfield><subfield code="0">(DE-588)1055942-5</subfield></datafield><datafield ind1="2" ind2=" " tag="710"><subfield code="a">Society for the Study of Artificial Intelligence and Simulation of Behaviour (Great Britain)</subfield><subfield code="0">(RERO)A000151347</subfield></datafield><datafield ind1="2" ind2=" " tag="711"><subfield code="a">Workshop on Evolutionary Computing</subfield><subfield code="0">(DE-588)1091962499</subfield></datafield><datafield ind1="2" ind2=" " tag="711"><subfield code="a">Workshop on Evolutionary Computing</subfield><subfield code="n">3</subfield><subfield code="d">1996</subfield><subfield code="c">Brighton</subfield><subfield code="0">(RERO)A012339621</subfield></datafield><datafield ind1="4" ind2=" " tag="856"><subfield code="3">Abstract / Autoreninformation</subfield><subfield code="u">https://toc.library.ethz.ch/objects/pdf/000019847_e01_3540617493_02.pdf</subfield><subfield code="q">pdf</subfield></datafield><datafield ind1=" " ind2=" " tag="830"><subfield code="a">Lecture notes in computer science</subfield><subfield code="v">1143</subfield><subfield code="w">(RERO)0078255-41slsp</subfield></datafield><datafield ind1=" " ind2=" " tag="830"><subfield code="a">Lecture notes in computer science</subfield><subfield code="n">1 (1973) - 2999 (2004)</subfield><subfield code="v">1143</subfield><subfield code="w">(NEBIS)000025969EBI01</subfield></datafield><datafield ind1=" " ind2=" " tag="900"><subfield code="a">REROnoselfmerge</subfield></datafield></record>
</metadata></record>