<record><header><identifier>oai:alma.41SLSP_UGE:991000022739705502</identifier><datestamp>2024-04-11T00:14:11Z</datestamp><setSpec>uge_bcen_RapidILL_BOOK</setSpec><setSpec>uge_aaca_RapidILL_BOOK</setSpec><setSpec>uge_abels_RapidILL_BOOK</setSpec><setSpec>uge_dbu_RapidILL_BOOK</setSpec><setSpec>uge_cmu_RapidILL_BOOK</setSpec><setSpec>uge_mail_RapidILL_BOOK</setSpec><setSpec>uge_abbat_RapidILL_BOOK</setSpec><setSpec>UNIGE_ALL</setSpec><setSpec>uge_acar_RapidILL_BOOK</setSpec><setSpec>uge_aobs_RapidILL_BOOK</setSpec></header><metadata>
<record xmlns="http://www.loc.gov/MARC21/slim" xmlns:xsi="http://www.w3.org/2001/XMLSchema-instance" xsi:schemaLocation="http://www.loc.gov/MARC21/slim http://www.loc.gov/standards/marcxml/schema/MARC21slim.xsd"><leader>04595nam a2200829 c 4500</leader><controlfield tag="001">991000022739705502</controlfield><controlfield tag="005">20240410142048.0</controlfield><controlfield tag="008">201011s1994    sz ||||| m||| 00| ||fre d</controlfield><datafield ind1=" " ind2=" " tag="020"><subfield code="a">3719013731</subfield><subfield code="c">EUR 43.00</subfield></datafield><datafield ind1=" " ind2=" " tag="035"><subfield code="a">(swissbib)220489793-41slsp_network</subfield></datafield><datafield ind1=" " ind2=" " tag="035"><subfield code="a">220489793</subfield><subfield code="9">ExL</subfield></datafield><datafield ind1=" " ind2=" " tag="035"><subfield code="a">(RERO)1917920-41slsp</subfield></datafield><datafield ind1=" " ind2=" " tag="035"><subfield code="a">(IDSLU)000449237ILU01</subfield></datafield><datafield ind1=" " ind2=" " tag="035"><subfield code="a">(IDSBB)001042380DSV01</subfield></datafield><datafield ind1=" " ind2=" " tag="035"><subfield code="a">(IDSSG)000075281HSB01</subfield></datafield><datafield ind1=" " ind2=" " tag="035"><subfield code="a">(NEBIS)001427705EBI01</subfield></datafield><datafield ind1=" " ind2=" " tag="035"><subfield code="a">(EXLNZ-41SLSP_NETWORK)991070377869705501</subfield></datafield><datafield ind1=" " ind2=" " tag="040"><subfield code="a">RERO geubfd</subfield><subfield code="d">CH-ZuSLS</subfield></datafield><datafield ind1=" " ind2=" " tag="044"><subfield code="a">sz</subfield><subfield code="c">ch-ge</subfield></datafield><datafield ind1=" " ind2="7" tag="072"><subfield code="a">dr</subfield><subfield code="2">rero</subfield></datafield><datafield ind1=" " ind2="7" tag="072"><subfield code="a">se</subfield><subfield code="2">rero</subfield></datafield><datafield ind1=" " ind2="7" tag="072"><subfield code="a">813</subfield><subfield code="2">IDS LU</subfield></datafield><datafield ind1=" " ind2="7" tag="072"><subfield code="a">rk</subfield><subfield code="2">SzZuIDS BS/BE</subfield></datafield><datafield ind1="0" ind2="4" tag="082"><subfield code="a">343.4940878</subfield></datafield><datafield ind1="0" ind2="4" tag="082"><subfield code="a">344.9403878</subfield></datafield><datafield ind1="1" ind2="4" tag="082"><subfield code="a">340</subfield><subfield code="2">15</subfield></datafield><datafield ind1="1" ind2="4" tag="082"><subfield code="a">341.754</subfield></datafield><datafield ind1=" " ind2=" " tag="084"><subfield code="a">CA/CH 30.2 h</subfield><subfield code="2">cjurrom</subfield></datafield><datafield ind1=" " ind2=" " tag="084"><subfield code="a">A 30.2 h</subfield><subfield code="2">cjurrom</subfield></datafield><datafield ind1=" " ind2=" " tag="084"><subfield code="a">PT 375</subfield><subfield code="2">rvk</subfield></datafield><datafield ind1="1" ind2=" " tag="100"><subfield code="6">880-01</subfield><subfield code="a">Marchand, Sylvain</subfield><subfield code="c">juriste</subfield><subfield code="d">1965-....</subfield><subfield code="0">(IDREF)060508760</subfield><subfield code="4">cre</subfield></datafield><datafield ind1="1" ind2=" " tag="880"><subfield code="a">Marchand, Sylvain</subfield><subfield code="d">1965-</subfield><subfield code="0">(DE-588)1159604428</subfield><subfield code="6">100-01</subfield></datafield><datafield ind1="1" ind2="0" tag="245"><subfield code="a">&lt;&lt;Les&gt;&gt; limites de l'uniformisation matérielle du droit de la vente internationale</subfield><subfield code="b">mise en oeuvre de la Convention des Nations Unies du 11 avril 1980 sur la vente internationale de marchandises dans le contexte juridique suisse</subfield><subfield code="c">Sylvain Marchand</subfield></datafield><datafield ind1=" " ind2="1" tag="264"><subfield code="a">Bâle</subfield><subfield code="a">Francfort-sur-le-Main</subfield><subfield code="b">Helbing &amp; Lichtenhahn</subfield><subfield code="a">Genève</subfield><subfield code="b">Faculté de droit</subfield><subfield code="c">1994</subfield></datafield><datafield ind1=" " ind2=" " tag="300"><subfield code="a">329 p.</subfield><subfield code="c">23 cm</subfield></datafield><datafield ind1=" " ind2=" " tag="336"><subfield code="b">txt</subfield><subfield code="2">rdacontent</subfield></datafield><datafield ind1=" " ind2=" " tag="337"><subfield code="b">n</subfield><subfield code="2">rdamedia</subfield></datafield><datafield ind1=" " ind2=" " tag="338"><subfield code="b">nc</subfield><subfield code="2">rdacarrier</subfield></datafield><datafield ind1="1" ind2=" " tag="490"><subfield code="a">Collection genevoise</subfield></datafield><datafield ind1=" " ind2=" " tag="502"><subfield code="a">Th. droit Genève, 1994 ; D 696</subfield></datafield><datafield ind1=" " ind2=" " tag="502"><subfield code="a">Zugl.: Thèse Fac. de droit Univ. Genève</subfield></datafield><datafield ind1=" " ind2=" " tag="502"><subfield code="a">Zugl. Diss. Univ. Genf</subfield></datafield><datafield ind1=" " ind2=" " tag="502"><subfield code="a">Diss. Nr. 696 Univ. Genève, 1994</subfield></datafield><datafield ind1=" " ind2=" " tag="504"><subfield code="a">Bibliogr.: p. 305-323</subfield></datafield><datafield ind1=" " ind2=" " tag="504"><subfield code="a">Literaturverz.: S. 305-323</subfield></datafield><datafield ind1=" " ind2=" " tag="508"><subfield code="a">Directeurs de thèse: Professeurs Herbert Schönle, Gilles Petitpierre</subfield></datafield><datafield ind1="8" ind2=" " tag="520"><subfield code="a">Analyse: Entre la Convention de Vienne sur le droit de la vente internationale de marchandises, le droit national, les règles de conflit de source nationale ou internationale, et le développement d'une &quot;lex mercatoria&quot; anationale, le droit de la vente internationale apparaît comme une mosaïque juridique dont les paramètres sont brouillés par le jeu des réserves étatiques et de l'autonomie de la volonté des parties.</subfield><subfield code="5">RERO/24.05.1995/geudbu/sjt</subfield></datafield><datafield ind1="8" ind2=" " tag="520"><subfield code="a">Par ailleurs, si le droit national complète utilement le droit uniforme, il lui fait parfois concurrence en offrant aux parties des moyens de droit alternatifs.</subfield><subfield code="5">RERO/24.05.1995/geudbu/sjt</subfield></datafield><datafield ind1="8" ind2=" " tag="520"><subfield code="a">C'est à travers les questions de l'impossibilité initiale objective, de l'illicéité, des vices de consentement, de la responsabilité délictuelle et précontractuelle, et de la prescription que sont examinés les rapports entre le droit uniforme et son contexte juridique national, en particulier le droit national suisse.</subfield><subfield code="5">RERO/24.05.1995/geudbu/sjt</subfield></datafield><datafield ind1="2" ind2="7" tag="611"><subfield code="a">Convention des Nations Unies sur les contrats de vente internationale de marchandises</subfield><subfield code="d">1980</subfield><subfield code="c">Vienne</subfield><subfield code="0">(RERO)A009979719</subfield><subfield code="2">rero</subfield></datafield><datafield ind1="0" ind2="7" tag="630"><subfield code="a">United Nations Convention on Contracts for the International Sale of Goods</subfield><subfield code="f">1980 April 11</subfield><subfield code="0">(DE-588)4124338-9</subfield><subfield code="2">gnd</subfield></datafield><datafield ind1="0" ind2="7" tag="630"><subfield code="a">UN-Kaufrechtsübereinkommen</subfield><subfield code="2">idszbz</subfield></datafield><datafield ind1="0" ind2="0" tag="630"><subfield code="a">United Nations Convention on Contracts for the International Sale of Goods</subfield></datafield><datafield ind1=" " ind2="7" tag="650"><subfield code="a">internationales Privatrecht</subfield><subfield code="9">ger</subfield><subfield code="0">(RERO)jurivoc000011981ger</subfield><subfield code="2">jurivoc</subfield></datafield><datafield ind1=" " ind2="7" tag="650"><subfield code="a">Kauf</subfield><subfield code="9">ger</subfield><subfield code="0">(RERO)jurivoc000012602ger</subfield><subfield code="2">jurivoc</subfield></datafield><datafield ind1=" " ind2="7" tag="650"><subfield code="a">internationaler Vertrag</subfield><subfield code="9">ger</subfield><subfield code="0">(RERO)jurivoc000011964ger</subfield><subfield code="2">jurivoc</subfield></datafield><datafield ind1=" " ind2="7" tag="650"><subfield code="a">international</subfield><subfield code="9">ger</subfield><subfield code="0">(RERO)jurivoc000011874ger</subfield><subfield code="2">jurivoc</subfield></datafield><datafield ind1=" " ind2="7" tag="650"><subfield code="a">Rechtsvereinheitlichung</subfield><subfield code="9">ger</subfield><subfield code="0">(RERO)jurivoc000018478ger</subfield><subfield code="2">jurivoc</subfield></datafield><datafield ind1=" " ind2="7" tag="650"><subfield code="a">Rechtsvergleichung</subfield><subfield code="9">ger</subfield><subfield code="0">(RERO)jurivoc000018481ger</subfield><subfield code="2">jurivoc</subfield></datafield><datafield ind1=" " ind2="7" tag="650"><subfield code="a">Übereinkommen über Verträge über den internationalen Warenkauf</subfield><subfield code="9">ger</subfield><subfield code="0">(RERO)jurivoc000023031ger</subfield><subfield code="2">jurivoc</subfield></datafield><datafield ind1=" " ind2="7" tag="650"><subfield code="a">droit uniforme</subfield><subfield code="0">(RERO)A010075897</subfield><subfield code="2">rerovoc</subfield></datafield><datafield ind1=" " ind2="7" tag="650"><subfield code="a">Vente internationale</subfield><subfield code="0">(IDREF)027736652</subfield><subfield code="2">idref</subfield></datafield><datafield ind1=" " ind2="7" tag="650"><subfield code="a">Internationaler Kaufvertrag</subfield><subfield code="2">idsbb</subfield></datafield><datafield ind1=" " ind2="7" tag="650"><subfield code="a">Rechtsvereinheitlichung</subfield><subfield code="0">(DE-588)4048849-4</subfield><subfield code="2">gnd</subfield></datafield><datafield ind1=" " ind2="0" tag="650"><subfield code="a">Export sales contracts</subfield></datafield><datafield ind1=" " ind2="0" tag="650"><subfield code="a">Export sales contracts</subfield><subfield code="z">Switzerland</subfield></datafield><datafield ind1=" " ind2="7" tag="651"><subfield code="a">Schweiz</subfield><subfield code="9">ger</subfield><subfield code="0">(RERO)jurivoc000019912ger</subfield><subfield code="2">jurivoc</subfield></datafield><datafield ind1=" " ind2="7" tag="651"><subfield code="a">Suisse</subfield><subfield code="0">(IDREF)027249654</subfield><subfield code="2">idref</subfield></datafield><datafield ind1=" " ind2="7" tag="651"><subfield code="a">Schweiz</subfield><subfield code="0">(DE-588)4053881-3</subfield><subfield code="2">gnd</subfield></datafield><datafield ind1=" " ind2="7" tag="651"><subfield code="a">Schweiz</subfield><subfield code="2">idszbz</subfield></datafield><datafield ind1=" " ind2="7" tag="655"><subfield code="a">Hochschulschrift</subfield><subfield code="2">gnd-content</subfield></datafield><datafield ind1=" " ind2=" " tag="691"><subfield code="e">PC 30.2 CH</subfield><subfield code="2">rzs-L1</subfield></datafield><datafield ind1=" " ind2="0" tag="830"><subfield code="a">Collection genevoise</subfield><subfield code="w">(RERO)1299138-41slsp</subfield></datafield></record>
</metadata></record>