<record><header><identifier>oai:alma.41SLSP_UGE:991000023259705502</identifier><datestamp>2024-06-16T00:11:50Z</datestamp><setSpec>uge_bcen_RapidILL_BOOK</setSpec><setSpec>uge_aaca_RapidILL_BOOK</setSpec><setSpec>uge_abels_RapidILL_BOOK</setSpec><setSpec>uge_dbu_RapidILL_BOOK</setSpec><setSpec>uge_cmu_RapidILL_BOOK</setSpec><setSpec>uge_mail_RapidILL_BOOK</setSpec><setSpec>uge_abbat_RapidILL_BOOK</setSpec><setSpec>UNIGE_ALL</setSpec><setSpec>uge_aobs_RapidILL_BOOK</setSpec><setSpec>uge_acar_RapidILL_BOOK</setSpec></header><metadata>
<record xmlns="http://www.loc.gov/MARC21/slim" xmlns:xsi="http://www.w3.org/2001/XMLSchema-instance" xsi:schemaLocation="http://www.loc.gov/MARC21/slim http://www.loc.gov/standards/marcxml/schema/MARC21slim.xsd"><leader>02119ncm a2200409 c 4500</leader><controlfield tag="001">991000023259705502</controlfield><controlfield tag="005">20240322001844.0</controlfield><controlfield tag="007">h|#||||||||||</controlfield><controlfield tag="008">191113s1559    sz ||u |b           fre d</controlfield><datafield ind1=" " ind2=" " tag="035"><subfield code="a">(swissbib)12609473X-41slsp_network</subfield></datafield><datafield ind1=" " ind2=" " tag="035"><subfield code="a">12609473X</subfield><subfield code="9">ExL</subfield></datafield><datafield ind1=" " ind2=" " tag="035"><subfield code="a">(RERO)R008985807-41slsp</subfield></datafield><datafield ind1=" " ind2=" " tag="035"><subfield code="a">(EXLNZ-41SLSP_NETWORK)991005954399705501</subfield></datafield><datafield ind1=" " ind2=" " tag="040"><subfield code="a">RERO geuchr</subfield><subfield code="d">CH-ZuSLS</subfield></datafield><datafield ind1="1" ind2=" " tag="041"><subfield code="a">fre</subfield><subfield code="h">heb</subfield></datafield><datafield ind1=" " ind2=" " tag="044"><subfield code="a">sz</subfield><subfield code="c">ch-ge</subfield></datafield><datafield ind1=" " ind2="7" tag="072"><subfield code="a">th</subfield><subfield code="2">rero</subfield></datafield><datafield ind1="1" ind2=" " tag="100"><subfield code="a">Jambe de Fer, Philibert</subfield><subfield code="d">1515?-1566?</subfield><subfield code="0">(IDREF)030002397</subfield><subfield code="4">aut</subfield></datafield><datafield ind1="1" ind2="0" tag="245"><subfield code="a">Psalmodie de quarante et un pseaumes royaux, fidelement traduits en bien-sonnants vers françois</subfield><subfield code="b">enharmonisez en musique variable, sur le commun subjet inviolablement observé : et coronnez en chef d'un royal sonnet, inspirant divine affection.</subfield><subfield code="c">par maistre Phillibert Jambe-defer, natif de Champlite, en la Franche Comte de Bourgoigne</subfield></datafield><datafield ind1=" " ind2="1" tag="264"><subfield code="a">[Genève ou Lyon?]</subfield><subfield code="b">par Michel du Bois</subfield><subfield code="c">1559</subfield></datafield><datafield ind1=" " ind2=" " tag="300"><subfield code="a">3 vol. (60, [4] ; 60, [4] ; 59, [5])</subfield><subfield code="c">8° oblong</subfield></datafield><datafield ind1=" " ind2=" " tag="336"><subfield code="b">ntm</subfield><subfield code="2">rdacontent</subfield></datafield><datafield ind1=" " ind2=" " tag="336"><subfield code="b">txt</subfield><subfield code="2">rdacontent</subfield></datafield><datafield ind1=" " ind2=" " tag="337"><subfield code="b">h</subfield><subfield code="2">rdamedia</subfield></datafield><datafield ind1=" " ind2=" " tag="338"><subfield code="b">hj</subfield><subfield code="2">rdacarrier</subfield></datafield><datafield ind1=" " ind2=" " tag="500"><subfield code="a">Le seul exemplaire connu contient le Superius, le Tenor et le Bassus. L'Altus n'est pas connu. Comme les déplacements de Michel Du Bois entre Genève et Lyon en 1559 ne sont pas bien connus, il est difficile de déterminer si l'impression est lyonnaise ou genevoise</subfield></datafield><datafield ind1=" " ind2=" " tag="500"><subfield code="a">Sign. a-d8 : a-d8 : a-d8</subfield></datafield><datafield ind1=" " ind2=" " tag="500"><subfield code="a">Cote de l'ex microfilmé: Scrin A/618(3)</subfield></datafield><datafield ind1="3" ind2=" " tag="510"><subfield code="a">GLN-6761</subfield></datafield><datafield ind1=" " ind2=" " tag="533"><subfield code="a">Microfilm</subfield><subfield code="b">Hamburg</subfield><subfield code="c">Staats- und Universitätsbibliothek</subfield><subfield code="d">[197-?]</subfield><subfield code="e">1 microfilm : négatif ; 35 mm</subfield></datafield><datafield ind1="1" ind2=" " tag="700"><subfield code="a">Dubois, Michel</subfield><subfield code="d">15..?-1561</subfield><subfield code="0">(IDREF)127957502</subfield><subfield code="4">prt</subfield></datafield><datafield ind1="1" ind2=" " tag="700"><subfield code="a">Marot, Clément</subfield><subfield code="d">1496-1544</subfield><subfield code="0">(IDREF)027011046</subfield><subfield code="4">trl</subfield></datafield><datafield ind1="1" ind2=" " tag="700"><subfield code="a">Bèze, Théodore de</subfield><subfield code="d">1519-1605</subfield><subfield code="0">(IDREF)026726920</subfield><subfield code="4">trl</subfield></datafield><datafield ind1="0" ind2=" " tag="730"><subfield code="a">Bible</subfield><subfield code="n">035</subfield><subfield code="p">A.T</subfield><subfield code="p">Psaumes</subfield><subfield code="k">Adaptation liturgique</subfield><subfield code="l">Français</subfield></datafield><datafield ind1=" " ind2=" " tag="751"><subfield code="a">Genève (Genève, Suisse)</subfield><subfield code="4">pup</subfield><subfield code="0">(IDREF)02726453X</subfield></datafield><datafield ind1=" " ind2=" " tag="751"><subfield code="a">Lyon (Rhône)</subfield><subfield code="4">pup</subfield><subfield code="0">(IDREF)027262782</subfield></datafield><datafield ind1="4" ind2="2" tag="856"><subfield code="u">http://www.ville-ge.ch/bge/gln/notice/?no=GLN-6761</subfield><subfield code="z">Notice détaillée (GLN 15-16)</subfield></datafield><datafield ind1=" " ind2=" " tag="900"><subfield code="a">REROswissbibnomerge</subfield></datafield><datafield ind1=" " ind2=" " tag="993"><subfield code="a">MHR Micro 188/130</subfield><subfield code="x">ge/mhr-/9489</subfield><subfield code="9">LOCAL</subfield></datafield></record>
</metadata></record>