<record><header><identifier>oai:alma.41SLSP_UGE:991000023569705502</identifier><datestamp>2023-04-22T00:11:00Z</datestamp><setSpec>uge_bcen_RapidILL_BOOK</setSpec><setSpec>uge_aaca_RapidILL_BOOK</setSpec><setSpec>uge_abels_RapidILL_BOOK</setSpec><setSpec>uge_dbu_RapidILL_BOOK</setSpec><setSpec>uge_cmu_RapidILL_BOOK</setSpec><setSpec>uge_mail_RapidILL_BOOK</setSpec><setSpec>uge_abbat_RapidILL_BOOK</setSpec><setSpec>UNIGE_ALL</setSpec><setSpec>uge_aobs_RapidILL_BOOK</setSpec><setSpec>uge_acar_RapidILL_BOOK</setSpec></header><metadata>
<record xmlns="http://www.loc.gov/MARC21/slim" xmlns:xsi="http://www.w3.org/2001/XMLSchema-instance" xsi:schemaLocation="http://www.loc.gov/MARC21/slim http://www.loc.gov/standards/marcxml/schema/MARC21slim.xsd"><leader>03412nam a2200349 c 4500</leader><controlfield tag="001">991000023569705502</controlfield><controlfield tag="005">20230421092704.0</controlfield><controlfield tag="008">161118s2015    gr ||||| |||| 00| ||gre d</controlfield><datafield ind1=" " ind2=" " tag="020"><subfield code="a">9789600231014</subfield></datafield><datafield ind1=" " ind2=" " tag="035"><subfield code="a">(swissbib)123407923-41slsp_network</subfield></datafield><datafield ind1=" " ind2=" " tag="035"><subfield code="a">(RERO)R008549019-41slsp</subfield></datafield><datafield ind1=" " ind2=" " tag="035"><subfield code="a">(EXLNZ-41SLSP_NETWORK)991086194039705501</subfield></datafield><datafield ind1=" " ind2=" " tag="040"><subfield code="a">CH-ZuSLS UNIGE</subfield><subfield code="b">fre</subfield><subfield code="e">rda</subfield></datafield><datafield ind1=" " ind2="0" tag="050"><subfield code="a">KKE2070</subfield><subfield code="b">.K69 2015</subfield></datafield><datafield ind1=" " ind2="7" tag="072"><subfield code="a">dr</subfield><subfield code="2">rero</subfield></datafield><datafield ind1="7" ind2="4" tag="082"><subfield code="a">880</subfield><subfield code="2">23sdnb</subfield></datafield><datafield ind1="1" ind2=" " tag="100"><subfield code="6">880-01</subfield><subfield code="a">Kontiádis, Xenophón I.</subfield><subfield code="d">1967-....</subfield><subfield code="0">(IDREF)13205826X</subfield><subfield code="4">aut</subfield></datafield><datafield ind1="1" ind2=" " tag="880"><subfield code="6">100-01/(S</subfield><subfield code="a">Κοντιάδης, Ξενοφών Ι.</subfield><subfield code="d">1967-....</subfield><subfield code="4">aut</subfield></datafield><datafield ind1="1" ind2="0" tag="245"><subfield code="6">880-02</subfield><subfield code="a">&lt;&lt;To&gt;&gt; anorthologiko mas Syntagma</subfield><subfield code="b">giati apetychan hoi politikoi thesmoi?</subfield><subfield code="c">Xenophōn I. Kontiadēs ; Kentro Eurōpaikou Syntagmatikou Dikaiou</subfield></datafield><datafield ind1="1" ind2="0" tag="880"><subfield code="6">245-02/(S</subfield><subfield code="a">&lt;&lt;Το&gt;&gt; ανορθολογικό μας σύνταγμα</subfield><subfield code="b">γιατί απέτυχαν οι πολιτικοί θεσμοί;</subfield><subfield code="c">Ξενοφών Ι. Κοντιάδης ; Κέντρο Ευρωπαϊκού Συνταγματικού Δικαίου</subfield></datafield><datafield ind1=" " ind2="1" tag="264"><subfield code="6">880-03</subfield><subfield code="a">Athēna</subfield><subfield code="b">Ekdoseis Papazēsē</subfield><subfield code="c">2015</subfield></datafield><datafield ind1=" " ind2="1" tag="880"><subfield code="6">264-03/(S</subfield><subfield code="a">Αθήνα</subfield><subfield code="b">Εκδόσεις Παπαζήση</subfield><subfield code="c">2015</subfield></datafield><datafield ind1=" " ind2=" " tag="300"><subfield code="a">268 pages</subfield></datafield><datafield ind1=" " ind2=" " tag="336"><subfield code="b">txt</subfield><subfield code="2">rdacontent</subfield></datafield><datafield ind1=" " ind2=" " tag="337"><subfield code="b">n</subfield><subfield code="2">rdamedia</subfield></datafield><datafield ind1=" " ind2=" " tag="338"><subfield code="b">nc</subfield><subfield code="2">rdacarrier</subfield></datafield><datafield ind1="0" ind2=" " tag="490"><subfield code="6">880-04</subfield><subfield code="a">Dokimia gia tēn Politikē kai to Syntagma</subfield></datafield><datafield ind1="0" ind2=" " tag="880"><subfield code="6">490-04/(S</subfield><subfield code="a">Δοκίμια για την πολιτική και το σύνταγμα</subfield></datafield><datafield ind1=" " ind2=" " tag="504"><subfield code="a">Includes bibliographical references (pages 239-268)</subfield></datafield><datafield ind1=" " ind2="0" tag="650"><subfield code="a">Constitutional law</subfield><subfield code="z">Greece</subfield></datafield><datafield ind1="2" ind2=" " tag="710"><subfield code="6">880-05</subfield><subfield code="a">Centre for European Constitutional Law</subfield><subfield code="b">Themistocles and Dimítris Tsátsos Foundation</subfield><subfield code="0">(IDREF)203021096</subfield><subfield code="4">aut</subfield></datafield><datafield ind1="2" ind2=" " tag="880"><subfield code="6">710-05/(S</subfield><subfield code="a">Κέντρο Ευρωπαϊκού Συνταγματικού Δικαίου</subfield><subfield code="b">Ιδρυμα Θεμιστοκλή και Δημήτρη Τσάτσου</subfield><subfield code="4">aut</subfield></datafield><datafield ind1=" " ind2=" " tag="900"><subfield code="a">REROnoselfmerge</subfield></datafield></record>
</metadata></record>