<record><header><identifier>oai:alma.41SLSP_UGE:991000023069705502</identifier><datestamp>2023-03-01T01:09:13Z</datestamp><setSpec>uge_bcen_RapidILL_BOOK</setSpec><setSpec>uge_aaca_RapidILL_BOOK</setSpec><setSpec>uge_abels_RapidILL_BOOK</setSpec><setSpec>uge_dbu_RapidILL_BOOK</setSpec><setSpec>uge_cmu_RapidILL_BOOK</setSpec><setSpec>uge_mail_RapidILL_BOOK</setSpec><setSpec>UNIGE_ALL</setSpec><setSpec>uge_abbat_RapidILL_BOOK</setSpec><setSpec>uge_acar_RapidILL_BOOK</setSpec><setSpec>uge_aobs_RapidILL_BOOK</setSpec></header><metadata>
<record xmlns="http://www.loc.gov/MARC21/slim" xmlns:xsi="http://www.w3.org/2001/XMLSchema-instance" xsi:schemaLocation="http://www.loc.gov/MARC21/slim http://www.loc.gov/standards/marcxml/schema/MARC21slim.xsd"><leader>01508nam a2200337 c 4500</leader><controlfield tag="001">991000023069705502</controlfield><controlfield tag="005">20230117180424.0</controlfield><controlfield tag="008">000828s1993    sz ||||| |||| 00| ||fre d</controlfield><datafield ind1=" " ind2=" " tag="035"><subfield code="a">(swissbib)088218724-41slsp_network</subfield></datafield><datafield ind1=" " ind2=" " tag="035"><subfield code="a">088218724</subfield><subfield code="9">ExL</subfield></datafield><datafield ind1=" " ind2=" " tag="035"><subfield code="a">(RERO)1777073-41slsp</subfield></datafield><datafield ind1=" " ind2=" " tag="035"><subfield code="a">(EXLNZ-41SLSP_NETWORK)991071238109705501</subfield></datafield><datafield ind1=" " ind2=" " tag="040"><subfield code="a">RERO gecaeg</subfield><subfield code="d">CH-ZuSLS</subfield></datafield><datafield ind1=" " ind2=" " tag="044"><subfield code="a">sz</subfield><subfield code="c">ch-ge</subfield><subfield code="a">sz</subfield><subfield code="c">ch-vs</subfield></datafield><datafield ind1=" " ind2="7" tag="072"><subfield code="a">ba</subfield><subfield code="2">rero</subfield></datafield><datafield ind1="1" ind2=" " tag="100"><subfield code="a">Duyvendak, Yan</subfield><subfield code="0">(RERO)A013340084</subfield><subfield code="4">cre</subfield></datafield><datafield ind1="1" ind2="0" tag="245"><subfield code="a">Des pair</subfield><subfield code="c">Yan Duyvendak ; [photographies: Suisse: Robert Hofer, Canada: Denis Farley.]</subfield></datafield><datafield ind1=" " ind2="1" tag="264"><subfield code="a">Genève</subfield><subfield code="b">Y. Duyvendak</subfield><subfield code="c">1993</subfield></datafield><datafield ind1=" " ind2="3" tag="264"><subfield code="a">Sion</subfield><subfield code="b">Impr. Constantin</subfield></datafield><datafield ind1=" " ind2=" " tag="300"><subfield code="a">[25] p.</subfield><subfield code="b">ill.</subfield><subfield code="c">24 x 24 cm</subfield></datafield><datafield ind1=" " ind2=" " tag="336"><subfield code="b">txt</subfield><subfield code="2">rdacontent</subfield></datafield><datafield ind1=" " ind2=" " tag="337"><subfield code="b">n</subfield><subfield code="2">rdamedia</subfield></datafield><datafield ind1=" " ind2=" " tag="338"><subfield code="b">nc</subfield><subfield code="2">rdacarrier</subfield></datafield><datafield ind1=" " ind2=" " tag="500"><subfield code="a">Plaquette réalisée à l'occasion des expositions à la Galerie Rivolta, Lausanne, du 5 mai au 1er juin 1993, à la Galerie Andata-Ritorno, Genève, du 14 septembre au 3 octobre 1993, à la Galerie OBORO, Montréal, du 20 novembre au 19 décembre 1993</subfield></datafield><datafield ind1=" " ind2=" " tag="500"><subfield code="a">Justification du tirage: - [100 exemplaires numérotés, tous(?) signés. N⁰ 1 à 100]</subfield></datafield><datafield ind1=" " ind2=" " tag="500"><subfield code="a">Exposition. Lausanne. Galerie Rivolta. 1993</subfield></datafield><datafield ind1=" " ind2=" " tag="500"><subfield code="a">Exposition. Genève. Galerie Andata/Ritorno. 1993</subfield></datafield><datafield ind1=" " ind2=" " tag="500"><subfield code="a">Exposition. Montréal. Galerie OBORO. 1993</subfield></datafield><datafield ind1="1" ind2="7" tag="600"><subfield code="a">Duyvendak, Yan</subfield><subfield code="d">1965-...</subfield><subfield code="0">(IDREF)188991182</subfield><subfield code="2">idref</subfield></datafield><datafield ind1=" " ind2="7" tag="655"><subfield code="a">Catalogues d'exposition</subfield><subfield code="0">(IDREF)027320456</subfield><subfield code="2">idref</subfield></datafield><datafield ind1="1" ind2=" " tag="700"><subfield code="a">Hofer, Robert</subfield><subfield code="0">(IDREF)198180845</subfield></datafield><datafield ind1=" " ind2=" " tag="900"><subfield code="a">REROnoselfmerge</subfield></datafield><datafield ind1=" " ind2=" " tag="993"><subfield code="a">BFLA 75249</subfield><subfield code="x">ge/ulha/d/94</subfield><subfield code="9">LOCAL</subfield></datafield></record>
</metadata></record>