<record><header><identifier>oai:alma.41SLSP_UGE:991000023279705502</identifier><datestamp>2024-04-21T00:11:41Z</datestamp><setSpec>uge_bcen_RapidILL_BOOK</setSpec><setSpec>uge_aaca_RapidILL_BOOK</setSpec><setSpec>uge_abels_RapidILL_BOOK</setSpec><setSpec>uge_dbu_RapidILL_BOOK</setSpec><setSpec>uge_cmu_RapidILL_BOOK</setSpec><setSpec>uge_mail_RapidILL_BOOK</setSpec><setSpec>UNIGE_ALL</setSpec><setSpec>uge_abbat_RapidILL_BOOK</setSpec><setSpec>uge_acar_RapidILL_BOOK</setSpec><setSpec>uge_aobs_RapidILL_BOOK</setSpec></header><metadata>
<record xmlns="http://www.loc.gov/MARC21/slim" xmlns:xsi="http://www.w3.org/2001/XMLSchema-instance" xsi:schemaLocation="http://www.loc.gov/MARC21/slim http://www.loc.gov/standards/marcxml/schema/MARC21slim.xsd"><leader>02412nam a22004692c 4500</leader><controlfield tag="001">991000023279705502</controlfield><controlfield tag="005">20230502193735.0</controlfield><controlfield tag="008">140718s2012    xxu||||| |||| 00| ||eng d</controlfield><datafield ind1=" " ind2=" " tag="020"><subfield code="a">041563668X</subfield></datafield><datafield ind1=" " ind2=" " tag="020"><subfield code="a">9780415636681</subfield></datafield><datafield ind1=" " ind2=" " tag="035"><subfield code="a">(swissbib)12017202X-41slsp_network</subfield></datafield><datafield ind1=" " ind2=" " tag="035"><subfield code="a">12017202X</subfield><subfield code="9">ExL</subfield></datafield><datafield ind1=" " ind2=" " tag="035"><subfield code="a">(RERO)R007809446-41slsp</subfield></datafield><datafield ind1=" " ind2=" " tag="035"><subfield code="a">(EXLNZ-41SLSP_NETWORK)991053328499705501</subfield></datafield><datafield ind1=" " ind2=" " tag="040"><subfield code="a">YDXCP</subfield><subfield code="d">CH-ZuSLS</subfield></datafield><datafield ind1=" " ind2="7" tag="072"><subfield code="a">an</subfield><subfield code="2">rero</subfield></datafield><datafield ind1="1" ind2=" " tag="100"><subfield code="a">Borlik, Todd Andrew</subfield><subfield code="0">(IDREF)156582481</subfield><subfield code="4">cre</subfield></datafield><datafield ind1="1" ind2="0" tag="245"><subfield code="a">Ecocriticism and early modern English literature</subfield><subfield code="b">green pastures</subfield><subfield code="c">Todd A. Borlik</subfield></datafield><datafield ind1=" " ind2="1" tag="264"><subfield code="a">New York</subfield><subfield code="b">Routledge</subfield><subfield code="c">2012</subfield></datafield><datafield ind1=" " ind2=" " tag="300"><subfield code="a">xii, 279 p.</subfield><subfield code="b">ill.</subfield><subfield code="c">23 cm.</subfield></datafield><datafield ind1=" " ind2=" " tag="336"><subfield code="b">txt</subfield><subfield code="2">rdacontent</subfield></datafield><datafield ind1=" " ind2=" " tag="337"><subfield code="b">n</subfield><subfield code="2">rdamedia</subfield></datafield><datafield ind1=" " ind2=" " tag="338"><subfield code="b">nc</subfield><subfield code="2">rdacarrier</subfield></datafield><datafield ind1="1" ind2=" " tag="490"><subfield code="a">Routledge studies in Renaissance literature and culture</subfield><subfield code="v">16</subfield></datafield><datafield ind1=" " ind2=" " tag="500"><subfield code="a">Originally presented as author's thesis (doctoral) -- University of Washington, 2008, under title: Green pastures : ecocriticism and early modern English literature</subfield></datafield><datafield ind1=" " ind2=" " tag="504"><subfield code="a">Includes bibliographical references (p. [251]-272) and index.</subfield></datafield><datafield ind1="0" ind2=" " tag="505"><subfield code="a">Reincarnating Pythagoras : Anima mundi and Renaissance gaia theory -- Mute timber? : environmental stichomythia in The Old Arcadia and Poly-Olbion -- The Reformation and the disenchantment of nature -- &quot;Hast any philosophy in thee, shepherd?&quot; : environmental ethics and the good life in Renaissance pastoral -- Rethinking dominion : pastoral and the republic of nature -- Conclusion : ecocriticism as a version of the pastoral</subfield></datafield><datafield ind1=" " ind2="0" tag="650"><subfield code="a">Ecocriticism</subfield></datafield><datafield ind1=" " ind2="0" tag="650"><subfield code="a">Ecology in literature</subfield></datafield><datafield ind1=" " ind2="0" tag="650"><subfield code="a">English literature</subfield><subfield code="y">Early modern, 1500-1700</subfield><subfield code="x">History and criticism</subfield></datafield><datafield ind1=" " ind2="0" tag="650"><subfield code="a">Environmentalism</subfield><subfield code="z">England</subfield><subfield code="x">History</subfield><subfield code="y">16th century</subfield></datafield><datafield ind1=" " ind2="0" tag="650"><subfield code="a">Environmentalism</subfield><subfield code="z">England</subfield><subfield code="x">History</subfield><subfield code="y">17th century</subfield></datafield><datafield ind1=" " ind2="0" tag="650"><subfield code="a">Nature in literature</subfield></datafield><datafield ind1=" " ind2="0" tag="650"><subfield code="a">Pastoral literature, English</subfield><subfield code="x">History and criticism</subfield></datafield><datafield ind1=" " ind2="0" tag="650"><subfield code="a">Philosophy of nature</subfield><subfield code="z">England</subfield><subfield code="x">History</subfield><subfield code="y">16th century</subfield></datafield><datafield ind1=" " ind2="0" tag="650"><subfield code="a">Philosophy of nature</subfield><subfield code="z">England</subfield><subfield code="x">History</subfield><subfield code="y">17th century</subfield></datafield><datafield ind1=" " ind2="0" tag="650"><subfield code="a">Philosophy of nature in literature</subfield></datafield><datafield ind1=" " ind2="7" tag="650"><subfield code="a">Écocritique</subfield><subfield code="0">(IDREF)142350680</subfield><subfield code="2">idref</subfield></datafield><datafield ind1=" " ind2="7" tag="650"><subfield code="a">Littérature anglaise</subfield><subfield code="0">(IDREF)027236722</subfield><subfield code="2">idref</subfield></datafield><datafield ind1=" " ind2="7" tag="650"><subfield code="a">16e siècle-18e siècle</subfield><subfield code="2">idref</subfield></datafield><datafield ind1=" " ind2="0" tag="830"><subfield code="a">Routledge studies in Renaissance literature and culture</subfield><subfield code="v">16</subfield><subfield code="w">(RERO)R003802441-41slsp</subfield></datafield><datafield ind1=" " ind2=" " tag="900"><subfield code="a">REROnoselfmerge</subfield></datafield><datafield ind1=" " ind2=" " tag="910"><subfield code="a">OCoLC</subfield><subfield code="b">20140718</subfield><subfield code="c">Droits réservés</subfield></datafield></record>
</metadata></record>