<record><header><identifier>oai:alma.41SLSP_UGE:991000022649705502</identifier><datestamp>2023-03-01T01:09:13Z</datestamp><setSpec>uge_bcen_RapidILL_BOOK</setSpec><setSpec>uge_aaca_RapidILL_BOOK</setSpec><setSpec>uge_abels_RapidILL_BOOK</setSpec><setSpec>uge_dbu_RapidILL_BOOK</setSpec><setSpec>uge_cmu_RapidILL_BOOK</setSpec><setSpec>uge_mail_RapidILL_BOOK</setSpec><setSpec>UNIGE_ALL</setSpec><setSpec>uge_abbat_RapidILL_BOOK</setSpec><setSpec>uge_acar_RapidILL_BOOK</setSpec><setSpec>uge_aobs_RapidILL_BOOK</setSpec></header><metadata>
<record xmlns="http://www.loc.gov/MARC21/slim" xmlns:xsi="http://www.w3.org/2001/XMLSchema-instance" xsi:schemaLocation="http://www.loc.gov/MARC21/slim http://www.loc.gov/standards/marcxml/schema/MARC21slim.xsd"><leader>02013nam a2200421 c 4500</leader><controlfield tag="001">991000022649705502</controlfield><controlfield tag="005">20230118190421.0</controlfield><controlfield tag="008">070111s2006    fr ||||| |||| 00| ||fre d</controlfield><datafield ind1=" " ind2=" " tag="020"><subfield code="a">2731405341</subfield></datafield><datafield ind1=" " ind2=" " tag="035"><subfield code="a">(swissbib)104596791-41slsp_network</subfield></datafield><datafield ind1=" " ind2=" " tag="035"><subfield code="a">104596791</subfield><subfield code="9">ExL</subfield></datafield><datafield ind1=" " ind2=" " tag="035"><subfield code="a">(RERO)R004306012-41slsp</subfield></datafield><datafield ind1=" " ind2=" " tag="035"><subfield code="a">(EXLNZ-41SLSP_NETWORK)991037595139705501</subfield></datafield><datafield ind1=" " ind2=" " tag="040"><subfield code="a">RERO geulhg</subfield><subfield code="d">CH-ZuSLS</subfield></datafield><datafield ind1="1" ind2=" " tag="041"><subfield code="a">fre</subfield><subfield code="a">lat</subfield><subfield code="h">lat</subfield></datafield><datafield ind1=" " ind2="7" tag="072"><subfield code="a">ht</subfield><subfield code="2">rero</subfield></datafield><datafield ind1=" " ind2="7" tag="072"><subfield code="a">dr</subfield><subfield code="2">rero</subfield></datafield><datafield ind1="1" ind2=" " tag="100"><subfield code="a">Zacchia, Paolo</subfield><subfield code="0">(RERO)A003993605</subfield><subfield code="4">cre</subfield></datafield><datafield ind1="1" ind2="0" tag="245"><subfield code="a">Questions médico-légales</subfield><subfield code="b">= [Quaestionum medico-legalium] : des fautes médicales sanctionnées par la loi</subfield><subfield code="c">Paul Zacchias ; édition bilingue établie par L. Laugier à partir de l'édition latine de 1726 ; préface Guylène Nicolas</subfield></datafield><datafield ind1=" " ind2="1" tag="264"><subfield code="a">Aix-en-Provence</subfield><subfield code="b">Presses universitaires d'Aix-Marseille</subfield><subfield code="c">2006</subfield></datafield><datafield ind1=" " ind2=" " tag="300"><subfield code="a">310 p.</subfield></datafield><datafield ind1=" " ind2=" " tag="336"><subfield code="b">txt</subfield><subfield code="2">rdacontent</subfield></datafield><datafield ind1=" " ind2=" " tag="337"><subfield code="b">n</subfield><subfield code="2">rdamedia</subfield></datafield><datafield ind1=" " ind2=" " tag="338"><subfield code="b">nc</subfield><subfield code="2">rdacarrier</subfield></datafield><datafield ind1="1" ind2=" " tag="490"><subfield code="a">Collection d'histoire du droit. Série &quot;Thèses et travaux&quot;</subfield><subfield code="v">no 9</subfield></datafield><datafield ind1=" " ind2=" " tag="500"><subfield code="a">En tête de la page de titre: Faculté de droit et de science politique d'Aix-Marseille, Société française de publication de textes en histoire juridique</subfield></datafield><datafield ind1=" " ind2=" " tag="500"><subfield code="a">Texte en français et en latin</subfield></datafield><datafield ind1=" " ind2=" " tag="504"><subfield code="a">Bibliographie: p. 300-308</subfield></datafield><datafield ind1=" " ind2="7" tag="650"><subfield code="a">erreur médicale</subfield><subfield code="0">(RERO)A009987880</subfield><subfield code="2">rerovoc</subfield></datafield><datafield ind1=" " ind2="7" tag="650"><subfield code="a">Droit</subfield><subfield code="0">(IDREF)027466868</subfield><subfield code="2">idref</subfield></datafield><datafield ind1=" " ind2="7" tag="650"><subfield code="a">17e siècle (1re moitié)</subfield><subfield code="0">(RERO)A022591634</subfield><subfield code="2">rero</subfield></datafield><datafield ind1=" " ind2="7" tag="655"><subfield code="a">[document]</subfield><subfield code="2">rerovoc</subfield><subfield code="0">(RERO)A010182398</subfield></datafield><datafield ind1="1" ind2="2" tag="700"><subfield code="a">Zacchia, Paolo</subfield><subfield code="t">Quaestionum medico-legalium tomi tres</subfield></datafield><datafield ind1="1" ind2=" " tag="700"><subfield code="a">Laugier, Laurence</subfield><subfield code="0">(IDREF)058493220</subfield></datafield><datafield ind1="1" ind2=" " tag="700"><subfield code="a">Nicolas, Guylène</subfield><subfield code="c">juriste</subfield><subfield code="d">19..-....</subfield><subfield code="0">(IDREF)08955101X</subfield></datafield><datafield ind1="2" ind2=" " tag="710"><subfield code="a">Université d'Aix-Marseille 3</subfield><subfield code="b">Faculté de droit et de science politique</subfield><subfield code="0">(RERO)A012333606</subfield></datafield><datafield ind1="2" ind2=" " tag="710"><subfield code="a">Société française de publication de textes en histoire juridique</subfield><subfield code="0">(IDREF)034957251</subfield></datafield><datafield ind1=" " ind2=" " tag="830"><subfield code="a">Collection d'histoire du droit</subfield><subfield code="p">Série &quot;Thèses et travaux&quot;</subfield><subfield code="v">9</subfield><subfield code="w">(RERO)R253679560-41slsp</subfield></datafield><datafield ind1=" " ind2=" " tag="900"><subfield code="a">REROnoselfmerge</subfield></datafield></record>
</metadata></record>