<record><header><identifier>oai:alma.41SLSP_UGE:991000022859705502</identifier><datestamp>2023-04-14T00:13:45Z</datestamp><setSpec>uge_bcen_RapidILL_BOOK</setSpec><setSpec>uge_aaca_RapidILL_BOOK</setSpec><setSpec>uge_abels_RapidILL_BOOK</setSpec><setSpec>uge_dbu_RapidILL_BOOK</setSpec><setSpec>uge_cmu_RapidILL_BOOK</setSpec><setSpec>uge_mail_RapidILL_BOOK</setSpec><setSpec>uge_abbat_RapidILL_BOOK</setSpec><setSpec>UNIGE_ALL</setSpec><setSpec>uge_aobs_RapidILL_BOOK</setSpec><setSpec>uge_acar_RapidILL_BOOK</setSpec></header><metadata>
<record xmlns="http://www.loc.gov/MARC21/slim" xmlns:xsi="http://www.w3.org/2001/XMLSchema-instance" xsi:schemaLocation="http://www.loc.gov/MARC21/slim http://www.loc.gov/standards/marcxml/schema/MARC21slim.xsd"><leader>01548nam a22004092c 4500</leader><controlfield tag="001">991000022859705502</controlfield><controlfield tag="005">20230413165335.0</controlfield><controlfield tag="008">131128s2013    xxk||||| |||| 00| ||eng d</controlfield><datafield ind1=" " ind2=" " tag="020"><subfield code="a">0199681724</subfield></datafield><datafield ind1=" " ind2=" " tag="020"><subfield code="a">9780199681723</subfield></datafield><datafield ind1=" " ind2=" " tag="035"><subfield code="a">(swissbib)118614053-41slsp_network</subfield></datafield><datafield ind1=" " ind2=" " tag="035"><subfield code="a">118614053</subfield><subfield code="9">ExL</subfield></datafield><datafield ind1=" " ind2=" " tag="035"><subfield code="a">(RERO)R007555370-41slsp</subfield></datafield><datafield ind1=" " ind2=" " tag="035"><subfield code="a">(EXLNZ-41SLSP_NETWORK)991051118059705501</subfield></datafield><datafield ind1=" " ind2=" " tag="040"><subfield code="a">DLC</subfield><subfield code="d">CH-ZuSLS</subfield></datafield><datafield ind1=" " ind2="0" tag="050"><subfield code="a">TK7871.15.N57</subfield><subfield code="b">A15 2013</subfield></datafield><datafield ind1=" " ind2="7" tag="072"><subfield code="a">py</subfield><subfield code="2">rero</subfield></datafield><datafield ind1="0" ind2="0" tag="245"><subfield code="a">III-nitride semiconductors and their modern devices</subfield><subfield code="c">ed. by Bernard Gil</subfield></datafield><datafield ind1="1" ind2=" " tag="246"><subfield code="a">3-nitride semiconductors and their modern devices</subfield></datafield><datafield ind1="1" ind2=" " tag="246"><subfield code="a">Three-nitride semiconductors and their modern devices</subfield></datafield><datafield ind1=" " ind2="1" tag="264"><subfield code="a">Oxford</subfield><subfield code="b">Oxford University Press</subfield><subfield code="c">2013</subfield></datafield><datafield ind1=" " ind2=" " tag="300"><subfield code="a">638 p.</subfield><subfield code="b">ill.</subfield></datafield><datafield ind1=" " ind2=" " tag="336"><subfield code="b">txt</subfield><subfield code="2">rdacontent</subfield></datafield><datafield ind1=" " ind2=" " tag="337"><subfield code="b">n</subfield><subfield code="2">rdamedia</subfield></datafield><datafield ind1=" " ind2=" " tag="338"><subfield code="b">nc</subfield><subfield code="2">rdacarrier</subfield></datafield><datafield ind1="0" ind2=" " tag="490"><subfield code="a">Oxford science publications</subfield></datafield><datafield ind1="1" ind2=" " tag="490"><subfield code="a">Series on semiconductor science and technology</subfield><subfield code="v">18</subfield></datafield><datafield ind1=" " ind2=" " tag="504"><subfield code="a">Includes bibliographical references and index.</subfield></datafield><datafield ind1=" " ind2=" " tag="530"><subfield code="a">Existe aussi en version électronique</subfield></datafield><datafield ind1=" " ind2="0" tag="650"><subfield code="a">Gallium nitride</subfield><subfield code="x">Electric properties</subfield></datafield><datafield ind1=" " ind2="0" tag="650"><subfield code="a">Semiconductors</subfield><subfield code="x">Materials</subfield></datafield><datafield ind1=" " ind2="7" tag="650"><subfield code="a">Nitrure de gallium</subfield><subfield code="0">(IDREF)059301015</subfield><subfield code="2">idref</subfield></datafield><datafield ind1=" " ind2="7" tag="650"><subfield code="a">Propriétés électriques</subfield><subfield code="0">(IDREF)027976785</subfield><subfield code="2">idref</subfield></datafield><datafield ind1=" " ind2="7" tag="650"><subfield code="a">Semiconducteurs</subfield><subfield code="0">(IDREF)027282570</subfield><subfield code="2">idref</subfield></datafield><datafield ind1="1" ind2=" " tag="700"><subfield code="a">Gil, Bernard</subfield><subfield code="d">1957-....</subfield><subfield code="0">(IDREF)069874980</subfield></datafield><datafield ind1=" " ind2=" " tag="830"><subfield code="a">Series on semiconductor science and technology</subfield><subfield code="v">18</subfield><subfield code="w">(RERO)1260400-41slsp</subfield></datafield><datafield ind1=" " ind2=" " tag="900"><subfield code="a">REROnoselfmerge</subfield></datafield><datafield ind1=" " ind2=" " tag="910"><subfield code="a">OCoLC</subfield><subfield code="b">20131128</subfield><subfield code="c">Droits réservés</subfield></datafield></record>
</metadata></record>