<record><header><identifier>oai:alma.41SLSP_UGE:991000023059705502</identifier><datestamp>2023-04-11T00:11:39Z</datestamp><setSpec>uge_bcen_RapidILL_BOOK</setSpec><setSpec>uge_aaca_RapidILL_BOOK</setSpec><setSpec>uge_abels_RapidILL_BOOK</setSpec><setSpec>uge_dbu_RapidILL_BOOK</setSpec><setSpec>uge_cmu_RapidILL_BOOK</setSpec><setSpec>uge_mail_RapidILL_BOOK</setSpec><setSpec>uge_abbat_RapidILL_BOOK</setSpec><setSpec>UNIGE_ALL</setSpec><setSpec>uge_aobs_RapidILL_BOOK</setSpec><setSpec>uge_acar_RapidILL_BOOK</setSpec></header><metadata>
<record xmlns="http://www.loc.gov/MARC21/slim" xmlns:xsi="http://www.w3.org/2001/XMLSchema-instance" xsi:schemaLocation="http://www.loc.gov/MARC21/slim http://www.loc.gov/standards/marcxml/schema/MARC21slim.xsd"><leader>01069nam a2200289 c 4500</leader><controlfield tag="001">991000023059705502</controlfield><controlfield tag="005">20230410143256.0</controlfield><controlfield tag="008">940829s1903    xxu||||| |||| 00| ||eng d</controlfield><datafield ind1=" " ind2=" " tag="035"><subfield code="a">(swissbib)089094603-41slsp_network</subfield></datafield><datafield ind1=" " ind2=" " tag="035"><subfield code="a">089094603</subfield><subfield code="9">ExL</subfield></datafield><datafield ind1=" " ind2=" " tag="035"><subfield code="a">(RERO)1900945-41slsp</subfield></datafield><datafield ind1=" " ind2=" " tag="035"><subfield code="a">(EXLNZ-41SLSP_NETWORK)991128619819705501</subfield></datafield><datafield ind1=" " ind2=" " tag="040"><subfield code="a">RERO geuhim</subfield><subfield code="d">CH-ZuSLS</subfield></datafield><datafield ind1=" " ind2="7" tag="072"><subfield code="a">me</subfield><subfield code="2">rero</subfield></datafield><datafield ind1="1" ind2=" " tag="100"><subfield code="a">Parker, Herman B.</subfield><subfield code="0">(RERO)A003671212</subfield><subfield code="4">cre</subfield></datafield><datafield ind1="1" ind2="0" tag="245"><subfield code="a">&lt;&lt;A&gt;&gt; study of the etiology of yellow fever</subfield><subfield code="c">by Herman B. Parker, George E. Beyer, O.L. Pothier</subfield></datafield><datafield ind1=" " ind2="1" tag="264"><subfield code="a">Washington</subfield><subfield code="b">Government Printing Office</subfield><subfield code="c">1903</subfield></datafield><datafield ind1=" " ind2=" " tag="300"><subfield code="a">48 p., [27] p. de pl.</subfield><subfield code="b">ill.</subfield><subfield code="c">23 cm</subfield></datafield><datafield ind1=" " ind2=" " tag="336"><subfield code="b">txt</subfield><subfield code="2">rdacontent</subfield></datafield><datafield ind1=" " ind2=" " tag="337"><subfield code="b">n</subfield><subfield code="2">rdamedia</subfield></datafield><datafield ind1=" " ind2=" " tag="338"><subfield code="b">nc</subfield><subfield code="2">rdacarrier</subfield></datafield><datafield ind1="1" ind2=" " tag="490"><subfield code="a">Bulletin / Yellow Fever Institute</subfield><subfield code="v">No. 13</subfield></datafield><datafield ind1=" " ind2="7" tag="650"><subfield code="a">Étiologie</subfield><subfield code="0">(IDREF)027224597</subfield><subfield code="2">idref</subfield></datafield><datafield ind1=" " ind2="7" tag="650"><subfield code="a">Fièvre jaune</subfield><subfield code="0">(IDREF)027340244</subfield><subfield code="2">idref</subfield></datafield><datafield ind1="1" ind2=" " tag="700"><subfield code="a">Beyer, George E</subfield><subfield code="0">(RERO)A003002811</subfield></datafield><datafield ind1="1" ind2=" " tag="700"><subfield code="a">Pothier, O.L</subfield><subfield code="0">(RERO)A003707402</subfield></datafield><datafield ind1=" " ind2=" " tag="830"><subfield code="a">Bulletin / Yellow Fever Institute</subfield><subfield code="v">13</subfield><subfield code="w">(RERO)1900943-41slsp</subfield></datafield><datafield ind1=" " ind2=" " tag="900"><subfield code="a">REROnoselfmerge</subfield></datafield></record>
</metadata></record>