<record><header><identifier>oai:alma.41SLSP_UGE:991000048589705502</identifier><datestamp>2023-05-03T00:46:54Z</datestamp><setSpec>uge_bcen_RapidILL_BOOK</setSpec><setSpec>uge_aaca_RapidILL_BOOK</setSpec><setSpec>uge_abels_RapidILL_BOOK</setSpec><setSpec>uge_dbu_RapidILL_BOOK</setSpec><setSpec>uge_cmu_RapidILL_BOOK</setSpec><setSpec>uge_mail_RapidILL_BOOK</setSpec><setSpec>uge_abbat_RapidILL_BOOK</setSpec><setSpec>UNIGE_ALL</setSpec><setSpec>uge_acar_RapidILL_BOOK</setSpec><setSpec>uge_aobs_RapidILL_BOOK</setSpec></header><metadata>
<record xmlns="http://www.loc.gov/MARC21/slim" xmlns:xsi="http://www.w3.org/2001/XMLSchema-instance" xsi:schemaLocation="http://www.loc.gov/MARC21/slim http://www.loc.gov/standards/marcxml/schema/MARC21slim.xsd"><leader>01551nam a2200373 c 4500</leader><controlfield tag="001">991000048589705502</controlfield><controlfield tag="005">20230502200616.0</controlfield><controlfield tag="008">201011s1983    ne ||||| |||| 00| ||dut d</controlfield><datafield ind1=" " ind2=" " tag="020"><subfield code="a">9024791618</subfield></datafield><datafield ind1=" " ind2=" " tag="035"><subfield code="a">(swissbib)223262005-41slsp_network</subfield></datafield><datafield ind1=" " ind2=" " tag="035"><subfield code="a">223262005</subfield><subfield code="9">ExL</subfield></datafield><datafield ind1=" " ind2=" " tag="035"><subfield code="a">(RERO)0760197-41slsp</subfield></datafield><datafield ind1=" " ind2=" " tag="035"><subfield code="a">(IDSBB)004835485DSV01</subfield></datafield><datafield ind1=" " ind2=" " tag="035"><subfield code="a">(EXLNZ-41SLSP_NETWORK)991090408579705501</subfield></datafield><datafield ind1=" " ind2=" " tag="040"><subfield code="a">RERO geulha</subfield><subfield code="d">CH-ZuSLS</subfield></datafield><datafield ind1=" " ind2="7" tag="072"><subfield code="a">ba</subfield><subfield code="2">rero</subfield></datafield><datafield ind1="0" ind2="0" tag="245"><subfield code="a">Nederlandse emblemata</subfield><subfield code="b">bloemlezing uit de Noord- en Zuidnederlandse emblemata-literatuur van de 16de en 17de eeuw</subfield><subfield code="c">Samengesteld door P.J. Meertens ; met medewerking van Hilary Sayles</subfield></datafield><datafield ind1=" " ind2="1" tag="264"><subfield code="a">Leiden</subfield><subfield code="b">M. Nijhoff</subfield><subfield code="c">1983</subfield></datafield><datafield ind1=" " ind2=" " tag="300"><subfield code="a">171 p.</subfield><subfield code="b">ill.</subfield><subfield code="c">24 cm</subfield></datafield><datafield ind1=" " ind2=" " tag="336"><subfield code="b">txt</subfield><subfield code="2">rdacontent</subfield></datafield><datafield ind1=" " ind2=" " tag="337"><subfield code="b">n</subfield><subfield code="2">rdamedia</subfield></datafield><datafield ind1=" " ind2=" " tag="338"><subfield code="b">nc</subfield><subfield code="2">rdacarrier</subfield></datafield><datafield ind1="1" ind2=" " tag="490"><subfield code="a">Nijhoffs nederlandse klassieken</subfield></datafield><datafield ind1=" " ind2=" " tag="500"><subfield code="a">Früher erschienen u. d. T.: Van de dene tot Luiken / ed. J. B. Knipping and P. J. Meertens. Zwolle 1956</subfield></datafield><datafield ind1=" " ind2="7" tag="650"><subfield code="a">16e siècle-17e siècle</subfield><subfield code="2">idref</subfield></datafield><datafield ind1=" " ind2="7" tag="650"><subfield code="a">Emblèmes</subfield><subfield code="0">(IDREF)027233081</subfield><subfield code="2">idref</subfield></datafield><datafield ind1=" " ind2="7" tag="651"><subfield code="a">Pays-Bas</subfield><subfield code="0">(IDREF)027252361</subfield><subfield code="2">idref</subfield></datafield><datafield ind1=" " ind2="7" tag="655"><subfield code="a">Anthologies</subfield><subfield code="0">(IDREF)027269493</subfield><subfield code="2">idref</subfield></datafield><datafield ind1="1" ind2=" " tag="700"><subfield code="a">Meertens, Pieter J.</subfield><subfield code="d">1899-1985</subfield><subfield code="0">(DE-588)116991488</subfield></datafield><datafield ind1="1" ind2=" " tag="700"><subfield code="a">Meertens, P.J</subfield><subfield code="0">(RERO)A003579506</subfield></datafield><datafield ind1="1" ind2=" " tag="700"><subfield code="a">Sayles, Hilary M.J</subfield><subfield code="0">(RERO)A003789969</subfield></datafield><datafield ind1="4" ind2=" " tag="856"><subfield code="3">Inhaltsverzeichnis</subfield><subfield code="u">http://www.ub.unibas.ch/tox/HBZ/HT004006369/PDF</subfield><subfield code="q">pdf</subfield></datafield><datafield ind1=" " ind2=" " tag="830"><subfield code="a">Nijhoffs nederlandse klassieken</subfield><subfield code="w">(RERO)0760184-41slsp</subfield></datafield><datafield ind1=" " ind2=" " tag="900"><subfield code="a">REROnoselfmerge</subfield></datafield><datafield ind1=" " ind2=" " tag="949"><subfield code="a">http://www.ub.unibas.ch/tox/HBZ/HT004006369/PDF</subfield></datafield><datafield ind1=" " ind2=" " tag="993"><subfield code="a">BFLA 22415</subfield><subfield code="x">ge/ulha/a/86/1609</subfield><subfield code="9">LOCAL</subfield></datafield></record>
</metadata></record>