<record><header><identifier>oai:alma.41SLSP_UGE:991000048489705502</identifier><datestamp>2023-07-01T00:25:19Z</datestamp><setSpec>uge_bcen_RapidILL_BOOK</setSpec><setSpec>uge_aaca_RapidILL_BOOK</setSpec><setSpec>uge_abels_RapidILL_BOOK</setSpec><setSpec>uge_dbu_RapidILL_BOOK</setSpec><setSpec>uge_cmu_RapidILL_BOOK</setSpec><setSpec>uge_mail_RapidILL_BOOK</setSpec><setSpec>uge_abbat_RapidILL_BOOK</setSpec><setSpec>UNIGE_ALL</setSpec><setSpec>uge_acar_RapidILL_BOOK</setSpec><setSpec>uge_aobs_RapidILL_BOOK</setSpec></header><metadata>
<record xmlns="http://www.loc.gov/MARC21/slim" xmlns:xsi="http://www.w3.org/2001/XMLSchema-instance" xsi:schemaLocation="http://www.loc.gov/MARC21/slim http://www.loc.gov/standards/marcxml/schema/MARC21slim.xsd"><leader>02847nam a2200685 c 4500</leader><controlfield tag="001">991000048489705502</controlfield><controlfield tag="005">20230630125750.0</controlfield><controlfield tag="008">201012s2004    xxk||||| |||| 00| |0eng d</controlfield><datafield ind1=" " ind2=" " tag="010"><subfield code="a">2004041503</subfield></datafield><datafield ind1=" " ind2=" " tag="015"><subfield code="a">GBA4-Z2140</subfield></datafield><datafield ind1=" " ind2=" " tag="020"><subfield code="a">1403935122</subfield><subfield code="q">hbk., outside North America only</subfield></datafield><datafield ind1=" " ind2=" " tag="020"><subfield code="a">1403935130</subfield><subfield code="q">pbk., outside North America only</subfield></datafield><datafield ind1=" " ind2=" " tag="020"><subfield code="a">1403912114</subfield><subfield code="q">pbk.</subfield><subfield code="c">£15.99</subfield></datafield><datafield ind1=" " ind2=" " tag="020"><subfield code="a">1403912106</subfield><subfield code="c">£50.00</subfield></datafield><datafield ind1="7" ind2=" " tag="024"><subfield code="a">http://catalogue.bnf.fr/ark:/12148/cb39259236q</subfield><subfield code="2">uri</subfield></datafield><datafield ind1=" " ind2=" " tag="035"><subfield code="a">(swissbib)239337670-41slsp_network</subfield></datafield><datafield ind1=" " ind2=" " tag="035"><subfield code="a">239337670</subfield><subfield code="9">ExL</subfield></datafield><datafield ind1=" " ind2=" " tag="035"><subfield code="a">(RERO)R003641105-41slsp</subfield></datafield><datafield ind1=" " ind2=" " tag="035"><subfield code="a">(IDSBB)003194136DSV01</subfield></datafield><datafield ind1=" " ind2=" " tag="035"><subfield code="a">(NEBIS)004717943EBI01</subfield></datafield><datafield ind1=" " ind2=" " tag="035"><subfield code="a">(IDSSG)000298127HSB01</subfield></datafield><datafield ind1=" " ind2=" " tag="035"><subfield code="a">(DLC)--2004041503</subfield></datafield><datafield ind1=" " ind2=" " tag="035"><subfield code="a">(Uk)gb-A40Z2140-</subfield></datafield><datafield ind1=" " ind2=" " tag="035"><subfield code="a">(EXLNZ-41SLSP_NETWORK)991013637669705501</subfield></datafield><datafield ind1=" " ind2=" " tag="040"><subfield code="a">RERO labcud</subfield><subfield code="d">CH-ZuSLS</subfield></datafield><datafield ind1=" " ind2=" " tag="050"><subfield code="a">PR6019.O9</subfield><subfield code="b">Z7775 2004</subfield></datafield><datafield ind1=" " ind2="7" tag="072"><subfield code="a">an</subfield><subfield code="2">rero</subfield></datafield><datafield ind1=" " ind2="7" tag="072"><subfield code="a">le</subfield><subfield code="2">SzZuIDS BS/BE</subfield></datafield><datafield ind1="0" ind2="0" tag="082"><subfield code="a">823/.912</subfield><subfield code="2">22</subfield></datafield><datafield ind1=" " ind2=" " tag="084"><subfield code="a">HM 3135</subfield><subfield code="2">rvk</subfield></datafield><datafield ind1="0" ind2="0" tag="245"><subfield code="a">Palgrave advances in James Joyce studies</subfield><subfield code="c">ed. by Jean-Michel Rabaté</subfield></datafield><datafield ind1=" " ind2="1" tag="264"><subfield code="a">Basingstoke</subfield><subfield code="a">New York</subfield><subfield code="b">Palgrave Macmillan</subfield><subfield code="c">2004</subfield></datafield><datafield ind1=" " ind2=" " tag="300"><subfield code="a">XVIII, 293 p.</subfield><subfield code="c">22 cm</subfield></datafield><datafield ind1=" " ind2=" " tag="336"><subfield code="b">txt</subfield><subfield code="2">rdacontent</subfield></datafield><datafield ind1=" " ind2=" " tag="337"><subfield code="b">n</subfield><subfield code="2">rdamedia</subfield></datafield><datafield ind1=" " ind2=" " tag="338"><subfield code="b">nc</subfield><subfield code="2">rdacarrier</subfield></datafield><datafield ind1="1" ind2=" " tag="490"><subfield code="a">Palgrave advances</subfield></datafield><datafield ind1=" " ind2=" " tag="504"><subfield code="a">Bibliogr.: p. 275-285</subfield></datafield><datafield ind1=" " ind2=" " tag="504"><subfield code="a">Includes bibliographical references and index</subfield></datafield><datafield ind1=" " ind2=" " tag="504"><subfield code="a">Includes index.</subfield></datafield><datafield ind1="1" ind2="7" tag="600"><subfield code="a">Joyce, James</subfield><subfield code="d">1882-1941</subfield><subfield code="0">(IDREF)026942232</subfield><subfield code="2">idref</subfield></datafield><datafield ind1="1" ind2="7" tag="600"><subfield code="a">Joyce, James</subfield><subfield code="2">idsbb</subfield></datafield><datafield ind1="1" ind2="0" tag="600"><subfield code="a">Joyce, James</subfield><subfield code="d">1882-1941</subfield><subfield code="x">Criticism and interpretation</subfield></datafield><datafield ind1="1" ind2="0" tag="600"><subfield code="a">Joyce, James</subfield><subfield code="d">1882-1941</subfield><subfield code="x">Criticism and interpretation</subfield><subfield code="x">History</subfield><subfield code="y">20th century</subfield></datafield><datafield ind1="1" ind2="0" tag="600"><subfield code="a">Joyce, James</subfield></datafield><datafield ind1="1" ind2="7" tag="600"><subfield code="a">Joyce, James</subfield><subfield code="2">idszbz</subfield></datafield><datafield ind1="1" ind2="7" tag="600"><subfield code="a">Joyce, James</subfield><subfield code="d">1882-1941</subfield><subfield code="0">(DE-588)118558501</subfield><subfield code="2">gnd</subfield></datafield><datafield ind1=" " ind2="7" tag="650"><subfield code="a">Werk</subfield><subfield code="2">idszbz</subfield></datafield><datafield ind1=" " ind2="0" tag="651"><subfield code="a">Ireland</subfield><subfield code="x">In literature</subfield></datafield><datafield ind1=" " ind2="7" tag="655"><subfield code="a">[Études diverses]</subfield><subfield code="0">(RERO)A022249905</subfield><subfield code="2">rero</subfield></datafield><datafield ind1=" " ind2="7" tag="655"><subfield code="a">Aufsatzsammlung</subfield><subfield code="2">idszbz</subfield></datafield><datafield ind1=" " ind2=" " tag="690"><subfield code="a">Joyce; Bush; Fortschritt</subfield><subfield code="2">idssg-J</subfield></datafield><datafield ind1=" " ind2=" " tag="690"><subfield code="a">Auswahlbibliographie; Beitragszahler</subfield><subfield code="2">idssg-J</subfield></datafield><datafield ind1=" " ind2=" " tag="690"><subfield code="a">dialogischer Joyce; ganzer Joyce; genetischer Joyce; intertextueller Joyce; populäre Kultur; textliche Studie; valenter Joyce</subfield><subfield code="2">idssg-J</subfield></datafield><datafield ind1=" " ind2=" " tag="690"><subfield code="a">beitragszahler vii; Bush; Eric Bulson; James Joyce; Kritik Jean Michel; Leonard Themen; Leser michael Groden Klassiker; Mahaffey Joyce Sprache; Michael Groden; Politik Rasse Nation</subfield><subfield code="2">idssg-J</subfield></datafield><datafield ind1="1" ind2=" " tag="700"><subfield code="a">Rabaté, Jean-Michel</subfield><subfield code="d">1949-</subfield><subfield code="0">(DE-588)128534818</subfield><subfield code="6">880-02</subfield></datafield><datafield ind1="1" ind2=" " tag="880"><subfield code="6">700-02</subfield><subfield code="a">Rabaté, Jean-Michel</subfield><subfield code="d">1949-....</subfield><subfield code="0">(IDREF)028301536</subfield></datafield><datafield ind1="4" ind2=" " tag="856"><subfield code="u">https://tools.unisg.ch/url/hm00043676</subfield><subfield code="z">Inhaltsverzeichnis</subfield></datafield><datafield ind1=" " ind2="0" tag="830"><subfield code="a">Palgrave advances</subfield><subfield code="w">(RERO)R003641089-41slsp</subfield></datafield><datafield ind1=" " ind2=" " tag="900"><subfield code="a">IDSZ2zbzmon200407f</subfield><subfield code="c">IDSZ2staub</subfield><subfield code="d">IDSZ2zbzswk200408b</subfield><subfield code="e">IDSZ2stor</subfield></datafield><datafield ind1=" " ind2=" " tag="949"><subfield code="a">https://tools.unisg.ch/url/hm00043676</subfield></datafield></record>
</metadata></record>