<record><header><identifier>oai:alma.41SLSP_UGE:991000048789705502</identifier><datestamp>2023-03-01T01:09:16Z</datestamp><setSpec>uge_bcen_RapidILL_BOOK</setSpec><setSpec>uge_aaca_RapidILL_BOOK</setSpec><setSpec>uge_abels_RapidILL_BOOK</setSpec><setSpec>uge_dbu_RapidILL_BOOK</setSpec><setSpec>uge_cmu_RapidILL_BOOK</setSpec><setSpec>uge_mail_RapidILL_BOOK</setSpec><setSpec>UNIGE_ALL</setSpec><setSpec>uge_abbat_RapidILL_BOOK</setSpec><setSpec>uge_aobs_RapidILL_BOOK</setSpec><setSpec>uge_acar_RapidILL_BOOK</setSpec></header><metadata>
<record xmlns="http://www.loc.gov/MARC21/slim" xmlns:xsi="http://www.w3.org/2001/XMLSchema-instance" xsi:schemaLocation="http://www.loc.gov/MARC21/slim http://www.loc.gov/standards/marcxml/schema/MARC21slim.xsd"><leader>01443nam a22003492c 4500</leader><controlfield tag="001">991000048789705502</controlfield><controlfield tag="005">20201230204411.0</controlfield><controlfield tag="008">201011s1983    po            00| | por  </controlfield><datafield ind1=" " ind2=" " tag="035"><subfield code="a">(swissbib)222775882-41slsp_network</subfield></datafield><datafield ind1=" " ind2=" " tag="035"><subfield code="a">222775882</subfield><subfield code="9">ExL</subfield></datafield><datafield ind1=" " ind2=" " tag="035"><subfield code="a">(NEBIS)008871417EBI01</subfield></datafield><datafield ind1=" " ind2=" " tag="035"><subfield code="a">(RERO)R008935533-41slsp</subfield></datafield><datafield ind1=" " ind2=" " tag="035"><subfield code="a">(EXLNZ-41SLSP_NETWORK)991013605589705501</subfield></datafield><datafield ind1=" " ind2=" " tag="040"><subfield code="a">SzZuIDS NEBIS UZH</subfield><subfield code="d">CH-ZuSLS</subfield></datafield><datafield ind1="0" ind2="0" tag="050"><subfield code="a">DS7</subfield><subfield code="b">.P55 1984</subfield></datafield><datafield ind1=" " ind2="7" tag="072"><subfield code="a">es</subfield><subfield code="2">rero</subfield></datafield><datafield ind1="0" ind2="0" tag="082"><subfield code="a">950</subfield><subfield code="2">19</subfield></datafield><datafield ind1="1" ind2=" " tag="100"><subfield code="a">Pinto, Fernão Mendes</subfield><subfield code="d">?-1583</subfield><subfield code="0">(RERO)A000130963</subfield><subfield code="4">aut</subfield><subfield code="6">880-01</subfield></datafield><datafield ind1="1" ind2=" " tag="880"><subfield code="a">Pinto, Fernão Mendes</subfield><subfield code="d">1509-1583</subfield><subfield code="0">(DE-588)118732897</subfield><subfield code="6">100-01</subfield></datafield><datafield ind1="1" ind2="0" tag="245"><subfield code="a">Peregrinação</subfield><subfield code="c">Fernão Mendes Pinto ; transcrição de Adolfo Casais Monteiro</subfield></datafield><datafield ind1=" " ind2="1" tag="264"><subfield code="a">Lisboa</subfield><subfield code="b">Imprensa Nacional-Casa da Moeda</subfield><subfield code="c">1983</subfield></datafield><datafield ind1=" " ind2=" " tag="300"><subfield code="a">778 p.</subfield><subfield code="c">24 cm</subfield></datafield><datafield ind1=" " ind2=" " tag="336"><subfield code="b">txt</subfield><subfield code="2">rdacontent</subfield></datafield><datafield ind1=" " ind2=" " tag="337"><subfield code="b">n</subfield><subfield code="2">rdamedia</subfield></datafield><datafield ind1=" " ind2=" " tag="338"><subfield code="b">nc</subfield><subfield code="2">rdacarrier</subfield></datafield><datafield ind1="0" ind2=" " tag="490"><subfield code="a">Biblioteca de autores Portugueses</subfield></datafield><datafield ind1=" " ind2=" " tag="500"><subfield code="a">&quot;Edição sob os auspícios do Comissariado para a XVII Exposição Europeia de Arte, Ciência e Cultura, Os descobrimentos portugueses e a Europa do Renascimento. Lisboa, 1983, Conselho da Europa&quot;--Cover</subfield></datafield><datafield ind1="1" ind2="0" tag="600"><subfield code="a">Pinto, Fernão Mendes</subfield><subfield code="d">-1583</subfield><subfield code="x">Travel</subfield><subfield code="z">Asia</subfield></datafield><datafield ind1=" " ind2="0" tag="651"><subfield code="a">Asia</subfield><subfield code="x">Description and travel</subfield><subfield code="v">Early works to 1800</subfield></datafield><datafield ind1="1" ind2=" " tag="700"><subfield code="a">Monteiro, Adolfo Casais</subfield><subfield code="d">1908-1972</subfield><subfield code="0">(DE-588)104279257</subfield></datafield><datafield ind1=" " ind2=" " tag="900"><subfield code="f">IDSU2medea</subfield></datafield><datafield ind1=" " ind2=" " tag="900"><subfield code="a">REROnoselfmerge</subfield></datafield><datafield ind1=" " ind2=" " tag="910"><subfield code="a">LOC</subfield><subfield code="b">20190618</subfield><subfield code="c">Réutilisation sous conditions</subfield></datafield><datafield ind1=" " ind2=" " tag="993"><subfield code="a">BFLA 289314</subfield><subfield code="x">ge/ulpo/d/19/CEL</subfield><subfield code="9">LOCAL</subfield></datafield></record>
</metadata></record>