<record><header><identifier>oai:alma.41SLSP_UGE:991000048269705502</identifier><datestamp>2023-07-01T00:27:38Z</datestamp><setSpec>uge_bcen_RapidILL_BOOK</setSpec><setSpec>uge_aaca_RapidILL_BOOK</setSpec><setSpec>uge_abels_RapidILL_BOOK</setSpec><setSpec>uge_dbu_RapidILL_BOOK</setSpec><setSpec>uge_cmu_RapidILL_BOOK</setSpec><setSpec>uge_mail_RapidILL_BOOK</setSpec><setSpec>uge_abbat_RapidILL_BOOK</setSpec><setSpec>UNIGE_ALL</setSpec><setSpec>uge_acar_RapidILL_BOOK</setSpec><setSpec>uge_aobs_RapidILL_BOOK</setSpec></header><metadata>
<record xmlns="http://www.loc.gov/MARC21/slim" xmlns:xsi="http://www.w3.org/2001/XMLSchema-instance" xsi:schemaLocation="http://www.loc.gov/MARC21/slim http://www.loc.gov/standards/marcxml/schema/MARC21slim.xsd"><leader>01255nam a22003492c 4500</leader><controlfield tag="001">991000048269705502</controlfield><controlfield tag="005">20201222230539.0</controlfield><controlfield tag="008">120203s1990    sp ||||| |||| 00| ||spa d</controlfield><datafield ind1=" " ind2=" " tag="020"><subfield code="a">8400070534</subfield><subfield code="q">rel</subfield></datafield><datafield ind1=" " ind2=" " tag="020"><subfield code="a">9788400070533</subfield><subfield code="q">rel</subfield></datafield><datafield ind1="7" ind2=" " tag="024"><subfield code="a">http://catalogue.bnf.fr/ark:/12148/cb39229775c</subfield><subfield code="2">uri</subfield></datafield><datafield ind1=" " ind2=" " tag="035"><subfield code="a">(swissbib)115214348-41slsp_network</subfield></datafield><datafield ind1=" " ind2=" " tag="035"><subfield code="a">115214348</subfield><subfield code="9">ExL</subfield></datafield><datafield ind1=" " ind2=" " tag="035"><subfield code="a">(RERO)R006390756-41slsp</subfield></datafield><datafield ind1=" " ind2=" " tag="035"><subfield code="a">(EXLNZ-41SLSP_NETWORK)991114598639705501</subfield></datafield><datafield ind1=" " ind2=" " tag="040"><subfield code="a">BDF</subfield><subfield code="d">CH-ZuSLS</subfield></datafield><datafield ind1="1" ind2=" " tag="041"><subfield code="a">spa</subfield><subfield code="a">lat</subfield><subfield code="h">lat</subfield></datafield><datafield ind1=" " ind2="7" tag="072"><subfield code="a">la</subfield><subfield code="2">rero</subfield></datafield><datafield ind1="1" ind2=" " tag="100"><subfield code="a">Tibulle</subfield><subfield code="d">0050?-0018? av. J.-C.</subfield><subfield code="0">(IDREF)027332071</subfield><subfield code="4">cre</subfield></datafield><datafield ind1="1" ind2="0" tag="245"><subfield code="a">Elegías</subfield><subfield code="c">Tíbulo y los autores del &quot;Corpus Tibullianum ; ed. trad. y notas de Hugo Francisco Bauzá,..</subfield></datafield><datafield ind1=" " ind2="1" tag="264"><subfield code="a">Madrid</subfield><subfield code="b">Consejo superior de Investigaciones científicas</subfield><subfield code="c">1990</subfield></datafield><datafield ind1=" " ind2=" " tag="300"><subfield code="a">XXXII-139 p.</subfield><subfield code="c">22 cm.</subfield></datafield><datafield ind1=" " ind2=" " tag="336"><subfield code="b">txt</subfield><subfield code="2">rdacontent</subfield></datafield><datafield ind1=" " ind2=" " tag="337"><subfield code="b">n</subfield><subfield code="2">rdamedia</subfield></datafield><datafield ind1=" " ind2=" " tag="338"><subfield code="b">nc</subfield><subfield code="2">rdacarrier</subfield></datafield><datafield ind1="1" ind2=" " tag="490"><subfield code="a">Alma Mater</subfield></datafield><datafield ind1=" " ind2=" " tag="500"><subfield code="a">Bibliogr. p. XVIII-XXXII</subfield></datafield><datafield ind1=" " ind2=" " tag="500"><subfield code="a">Texte latin et trad. espagnole en regard</subfield></datafield><datafield ind1="1" ind2=" " tag="700"><subfield code="a">Bauzá, Hugo Francisco</subfield><subfield code="d">19..-....</subfield><subfield code="0">(IDREF)057171521</subfield></datafield><datafield ind1="4" ind2="2" tag="856"><subfield code="u">http://catalogue.bnf.fr/ark:/12148/cb39229775c</subfield></datafield><datafield ind1=" " ind2=" " tag="830"><subfield code="a">Alma Mater</subfield><subfield code="w">(RERO)R006387638-41slsp</subfield></datafield><datafield ind1=" " ind2=" " tag="900"><subfield code="a">REROnoselfmerge</subfield></datafield><datafield ind1=" " ind2=" " tag="910"><subfield code="a">OCoLC</subfield><subfield code="b">20120203</subfield><subfield code="c">Droits réservés</subfield></datafield></record>
</metadata></record>