<record><header><identifier>oai:alma.41SLSP_UGE:991000048809705502</identifier><datestamp>2023-03-17T01:52:17Z</datestamp><setSpec>uge_bcen_RapidILL_BOOK</setSpec><setSpec>uge_aaca_RapidILL_BOOK</setSpec><setSpec>uge_abels_RapidILL_BOOK</setSpec><setSpec>uge_dbu_RapidILL_BOOK</setSpec><setSpec>uge_cmu_RapidILL_BOOK</setSpec><setSpec>uge_mail_RapidILL_BOOK</setSpec><setSpec>uge_abbat_RapidILL_BOOK</setSpec><setSpec>UNIGE_ALL</setSpec><setSpec>uge_acar_RapidILL_BOOK</setSpec><setSpec>uge_aobs_RapidILL_BOOK</setSpec></header><metadata>
<record xmlns="http://www.loc.gov/MARC21/slim" xmlns:xsi="http://www.w3.org/2001/XMLSchema-instance" xsi:schemaLocation="http://www.loc.gov/MARC21/slim http://www.loc.gov/standards/marcxml/schema/MARC21slim.xsd"><leader>03730nam a2200817 c 4500</leader><controlfield tag="001">991000048809705502</controlfield><controlfield tag="005">20230316200347.0</controlfield><controlfield tag="007">tu</controlfield><controlfield tag="008">201011s2016    gw       m||| 000 0 ger| </controlfield><datafield ind1=" " ind2=" " tag="015"><subfield code="a">16,N03</subfield><subfield code="2">dnb</subfield></datafield><datafield ind1="7" ind2=" " tag="016"><subfield code="a">1081275480</subfield><subfield code="2">DE-101</subfield></datafield><datafield ind1=" " ind2=" " tag="020"><subfield code="a">384872555X</subfield><subfield code="q">Print</subfield></datafield><datafield ind1=" " ind2=" " tag="020"><subfield code="z">9783845266619</subfield><subfield code="q">ePDF</subfield></datafield><datafield ind1=" " ind2=" " tag="020"><subfield code="a">9783848725557</subfield><subfield code="q">Print</subfield><subfield code="c">CHF 156.00</subfield></datafield><datafield ind1="3" ind2=" " tag="024"><subfield code="a">9783848725557</subfield></datafield><datafield ind1=" " ind2=" " tag="035"><subfield code="a">(swissbib)219324417-41slsp_network</subfield></datafield><datafield ind1=" " ind2=" " tag="035"><subfield code="a">219324417</subfield><subfield code="9">ExL</subfield></datafield><datafield ind1=" " ind2=" " tag="035"><subfield code="a">(NEBIS)010594469EBI01</subfield></datafield><datafield ind1=" " ind2=" " tag="035"><subfield code="a">(IDSLU)001258042ILU01</subfield></datafield><datafield ind1=" " ind2=" " tag="035"><subfield code="a">(IDSBB)006495145DSV01</subfield></datafield><datafield ind1=" " ind2=" " tag="035"><subfield code="a">(RERO)R008374571-41slsp</subfield></datafield><datafield ind1=" " ind2=" " tag="035"><subfield code="a">(OCoLC)935516702</subfield></datafield><datafield ind1=" " ind2=" " tag="035"><subfield code="a">(EXLNZ-41SLSP_NETWORK)991155741619705501</subfield></datafield><datafield ind1=" " ind2=" " tag="040"><subfield code="a">GWDNB</subfield><subfield code="b">ger</subfield><subfield code="e">rda</subfield><subfield code="d">CH-ZuSLS</subfield></datafield><datafield ind1=" " ind2=" " tag="044"><subfield code="a">XA-DE-BW</subfield></datafield><datafield ind1=" " ind2="7" tag="072"><subfield code="a">842</subfield><subfield code="2">IDS LU</subfield></datafield><datafield ind1=" " ind2="7" tag="072"><subfield code="a">830</subfield><subfield code="2">IDS LU</subfield></datafield><datafield ind1=" " ind2="7" tag="072"><subfield code="a">rw</subfield><subfield code="2">SzZuIDS BS/BE</subfield></datafield><datafield ind1=" " ind2="7" tag="072"><subfield code="a">dr</subfield><subfield code="2">rero</subfield></datafield><datafield ind1="0" ind2="4" tag="082"><subfield code="a">1\p</subfield><subfield code="a">340</subfield><subfield code="q">DE-101</subfield></datafield><datafield ind1="1" ind2="4" tag="082"><subfield code="a">340</subfield><subfield code="2">15</subfield></datafield><datafield ind1=" " ind2=" " tag="084"><subfield code="a">340</subfield><subfield code="2">sdnb</subfield></datafield><datafield ind1=" " ind2=" " tag="084"><subfield code="a">CA/D 89.5 h</subfield><subfield code="2">cjurrom</subfield></datafield><datafield ind1="1" ind2=" " tag="100"><subfield code="a">Potočić, Sabrina</subfield><subfield code="d">1984-</subfield><subfield code="0">(DE-588)1077463596</subfield><subfield code="e">Verfasser</subfield><subfield code="4">aut</subfield><subfield code="6">880-01</subfield></datafield><datafield ind1="1" ind2=" " tag="880"><subfield code="a">Potočić, Sabrina</subfield><subfield code="0">(RERO)A026020182</subfield><subfield code="4">cre</subfield><subfield code="6">100-01</subfield></datafield><datafield ind1="1" ind2="0" tag="245"><subfield code="a">Korruption, amerikanische Börsenaufsicht und Ermittlungen durch Private in Deutschland</subfield><subfield code="c">Sabrina Potočić</subfield></datafield><datafield ind1=" " ind2=" " tag="250"><subfield code="a">1. Auflage</subfield></datafield><datafield ind1=" " ind2="1" tag="264"><subfield code="a">Baden-Baden</subfield><subfield code="b">Nomos</subfield><subfield code="c">[2016]</subfield></datafield><datafield ind1=" " ind2=" " tag="300"><subfield code="a">435 Seiten</subfield></datafield><datafield ind1=" " ind2=" " tag="336"><subfield code="b">txt</subfield><subfield code="2">rdacontent</subfield></datafield><datafield ind1=" " ind2=" " tag="337"><subfield code="b">n</subfield><subfield code="2">rdamedia</subfield></datafield><datafield ind1=" " ind2=" " tag="338"><subfield code="b">nc</subfield><subfield code="2">rdacarrier</subfield></datafield><datafield ind1="1" ind2=" " tag="490"><subfield code="a">Deutsches, europäisches und vergleichendes Wirtschaftsrecht</subfield><subfield code="v">Band 96</subfield></datafield><datafield ind1=" " ind2=" " tag="500"><subfield code="a">Ed. commerciale de la thèse de Heidelberg, 2015</subfield></datafield><datafield ind1=" " ind2=" " tag="502"><subfield code="b">Dissertation</subfield><subfield code="c">Universität Heidelberg</subfield><subfield code="d">2015</subfield></datafield><datafield ind1="8" ind2=" " tag="520"><subfield code="a">&quot;Ziel der vorliegenden Arbeit ist es zu klären, ob die Zusammenarbeit eines deutschen Unternehmens, dem die Bestrechung von Personen im Ausland und damit die Verletzung US-amerikanischen Rechts [...] vorgeworfen wird, mit der US-amerikanischen Börsenaufsichtsbehörde, der Securities and Exchange Commission (SEC), mittels sog. internal investigations in Deutschland zulässig ist. Hintergrund der Arbeit bildet die Einigung zwischen der Siemens AG und der SEC aus dem Jahre 2008.&quot; (Buch, S. 7)</subfield></datafield><datafield ind1="1" ind2="7" tag="610"><subfield code="a">USA</subfield><subfield code="b">Securities and Exchange Commission</subfield><subfield code="0">(DE-588)42391-9</subfield><subfield code="2">gnd</subfield></datafield><datafield ind1="2" ind2="7" tag="610"><subfield code="a">Siemens (Allemagne)</subfield><subfield code="0">(RERO)A010150341</subfield><subfield code="2">rero</subfield></datafield><datafield ind1=" " ind2="7" tag="650"><subfield code="a">Privater</subfield><subfield code="0">(DE-588)4134791-2</subfield><subfield code="2">gnd</subfield></datafield><datafield ind1=" " ind2="7" tag="650"><subfield code="a">Korruption</subfield><subfield code="0">(DE-588)4032524-6</subfield><subfield code="2">gnd</subfield></datafield><datafield ind1=" " ind2="7" tag="650"><subfield code="a">Börsenaufsicht</subfield><subfield code="0">(DE-588)4146192-7</subfield><subfield code="2">gnd</subfield></datafield><datafield ind1=" " ind2="7" tag="650"><subfield code="a">Ermittlung</subfield><subfield code="0">(DE-588)4070924-3</subfield><subfield code="2">gnd</subfield></datafield><datafield ind1=" " ind2="7" tag="650"><subfield code="a">Aussagefreiheit</subfield><subfield code="0">(DE-588)4193611-5</subfield><subfield code="2">gnd</subfield></datafield><datafield ind1=" " ind2="7" tag="650"><subfield code="a">Internes Kontrollsystem</subfield><subfield code="0">(DE-588)4125994-4</subfield><subfield code="2">gnd</subfield></datafield><datafield ind1=" " ind2="7" tag="650"><subfield code="a">Unternehmen</subfield><subfield code="0">(DE-588)4061963-1</subfield><subfield code="2">gnd</subfield></datafield><datafield ind1=" " ind2="7" tag="650"><subfield code="a">Wirtschaftskriminalität</subfield><subfield code="0">(DE-588)4066464-8</subfield><subfield code="2">gnd</subfield></datafield><datafield ind1=" " ind2="7" tag="650"><subfield code="a">Datenübermittlung</subfield><subfield code="0">(DE-588)4148886-6</subfield><subfield code="2">gnd</subfield></datafield><datafield ind1=" " ind2="7" tag="650"><subfield code="a">Corruption</subfield><subfield code="0">(IDREF)028236459</subfield><subfield code="2">idref</subfield></datafield><datafield ind1=" " ind2="7" tag="650"><subfield code="a">Entraide judiciaire internationale</subfield><subfield code="0">(IDREF)027789667</subfield><subfield code="2">idref</subfield></datafield><datafield ind1=" " ind2="7" tag="650"><subfield code="a">Droit</subfield><subfield code="0">(IDREF)027466868</subfield><subfield code="2">idref</subfield></datafield><datafield ind1=" " ind2="7" tag="651"><subfield code="a">USA</subfield><subfield code="0">(DE-588)4078704-7</subfield><subfield code="2">gnd</subfield></datafield><datafield ind1=" " ind2="7" tag="651"><subfield code="a">Deutschland</subfield><subfield code="0">(DE-588)4011882-4</subfield><subfield code="2">gnd</subfield></datafield><datafield ind1=" " ind2="7" tag="651"><subfield code="a">États-Unis</subfield><subfield code="0">(IDREF)027225488</subfield><subfield code="2">idref</subfield></datafield><datafield ind1=" " ind2="7" tag="651"><subfield code="a">Allemagne</subfield><subfield code="0">(IDREF)027218856</subfield><subfield code="2">idref</subfield></datafield><datafield ind1=" " ind2="7" tag="655"><subfield code="a">Hochschulschrift</subfield><subfield code="2">gnd-content</subfield></datafield><datafield ind1=" " ind2=" " tag="691"><subfield code="e">PC 89.2 USA</subfield><subfield code="2">rzs-L1</subfield></datafield><datafield ind1=" " ind2=" " tag="691"><subfield code="e">PC 89.2 D</subfield><subfield code="2">rzs-L1</subfield></datafield><datafield ind1="4" ind2=" " tag="856"><subfield code="3">Titelblatt und Inhaltsverzeichnis</subfield><subfield code="u">https://toc.library.ethz.ch/objects/pdf03/z16_978-3-8487-2555-7_01.pdf</subfield><subfield code="q">pdf</subfield></datafield><datafield ind1=" " ind2=" " tag="830"><subfield code="a">Deutsches, europäisches und vergleichendes Wirtschaftsrecht</subfield><subfield code="v">96</subfield><subfield code="w">(IDSBB)001608210DSV01</subfield></datafield><datafield ind1=" " ind2=" " tag="900"><subfield code="a">IDSZ2rwimon201602p</subfield><subfield code="c">IDSZ2rosi 160223</subfield><subfield code="d">IDSZ2rwiswk201603b</subfield><subfield code="e">IDSZ2judu</subfield></datafield><datafield ind1=" " ind2=" " tag="900"><subfield code="a">REROnoselfmerge</subfield></datafield><datafield ind1=" " ind2=" " tag="949"><subfield code="a">https://toc.library.ethz.ch/objects/pdf03/z16_978-3-8487-2555-7_01.pdf</subfield></datafield></record>
</metadata></record>