<record><header><identifier>oai:alma.41SLSP_UGE:991000049229705502</identifier><datestamp>2023-03-01T01:09:16Z</datestamp><setSpec>uge_bcen_RapidILL_BOOK</setSpec><setSpec>uge_aaca_RapidILL_BOOK</setSpec><setSpec>uge_abels_RapidILL_BOOK</setSpec><setSpec>uge_dbu_RapidILL_BOOK</setSpec><setSpec>uge_cmu_RapidILL_BOOK</setSpec><setSpec>uge_mail_RapidILL_BOOK</setSpec><setSpec>UNIGE_ALL</setSpec><setSpec>uge_abbat_RapidILL_BOOK</setSpec><setSpec>uge_aobs_RapidILL_BOOK</setSpec><setSpec>uge_acar_RapidILL_BOOK</setSpec></header><metadata>
<record xmlns="http://www.loc.gov/MARC21/slim" xmlns:xsi="http://www.w3.org/2001/XMLSchema-instance" xsi:schemaLocation="http://www.loc.gov/MARC21/slim http://www.loc.gov/standards/marcxml/schema/MARC21slim.xsd"><leader>00952nam a2200301 c 4500</leader><controlfield tag="001">991000049229705502</controlfield><controlfield tag="005">20201222204806.0</controlfield><controlfield tag="008">101220s1960    xxk||||| |||| 00| ||eng d</controlfield><datafield ind1=" " ind2=" " tag="035"><subfield code="a">(swissbib)112696902-41slsp_network</subfield></datafield><datafield ind1=" " ind2=" " tag="035"><subfield code="a">112696902</subfield><subfield code="9">ExL</subfield></datafield><datafield ind1=" " ind2=" " tag="035"><subfield code="a">(RERO)R005882262-41slsp</subfield></datafield><datafield ind1=" " ind2=" " tag="035"><subfield code="a">(EXLNZ-41SLSP_NETWORK)991039685379705501</subfield></datafield><datafield ind1=" " ind2=" " tag="040"><subfield code="a">RERO geussc</subfield><subfield code="d">CH-ZuSLS</subfield></datafield><datafield ind1=" " ind2="0" tag="050"><subfield code="a">TK9202</subfield><subfield code="b">.M2 1960a</subfield></datafield><datafield ind1=" " ind2="7" tag="072"><subfield code="a">py</subfield><subfield code="2">rero</subfield></datafield><datafield ind1=" " ind2="7" tag="072"><subfield code="a">in</subfield><subfield code="2">rero</subfield></datafield><datafield ind1="1" ind2=" " tag="100"><subfield code="a">Margen, Peter Henry</subfield><subfield code="0">(RERO)A018344272</subfield><subfield code="4">cre</subfield></datafield><datafield ind1="1" ind2="0" tag="245"><subfield code="a">Nuclear reactor optimization</subfield><subfield code="c">by P.H. Margen</subfield></datafield><datafield ind1=" " ind2="1" tag="264"><subfield code="a">London</subfield><subfield code="b">Temple Press</subfield><subfield code="c">1960</subfield></datafield><datafield ind1=" " ind2=" " tag="300"><subfield code="a">X, 81 p.</subfield><subfield code="b">ill.</subfield><subfield code="c">22 cm</subfield></datafield><datafield ind1=" " ind2=" " tag="336"><subfield code="b">txt</subfield><subfield code="2">rdacontent</subfield></datafield><datafield ind1=" " ind2=" " tag="337"><subfield code="b">n</subfield><subfield code="2">rdamedia</subfield></datafield><datafield ind1=" " ind2=" " tag="338"><subfield code="b">nc</subfield><subfield code="2">rdacarrier</subfield></datafield><datafield ind1="1" ind2=" " tag="490"><subfield code="a">Nuclear engineering monographs</subfield><subfield code="v">[vol. 9]</subfield></datafield><datafield ind1=" " ind2=" " tag="504"><subfield code="a">Includes bibliography</subfield></datafield><datafield ind1=" " ind2="0" tag="650"><subfield code="a">Nuclear power plants</subfield></datafield><datafield ind1=" " ind2="0" tag="650"><subfield code="a">Nuclear reactors</subfield><subfield code="x">Tables</subfield></datafield><datafield ind1=" " ind2=" " tag="830"><subfield code="a">Nuclear engineering monographs</subfield><subfield code="v">9</subfield><subfield code="w">(RERO)1556094-41slsp</subfield></datafield><datafield ind1=" " ind2=" " tag="900"><subfield code="a">REROnoselfmerge</subfield></datafield></record>
</metadata></record>