<record><header><identifier>oai:alma.41SLSP_UGE:991000048389705502</identifier><datestamp>2023-03-29T00:16:25Z</datestamp><setSpec>uge_bcen_RapidILL_BOOK</setSpec><setSpec>uge_aaca_RapidILL_BOOK</setSpec><setSpec>uge_abels_RapidILL_BOOK</setSpec><setSpec>uge_dbu_RapidILL_BOOK</setSpec><setSpec>uge_cmu_RapidILL_BOOK</setSpec><setSpec>uge_mail_RapidILL_BOOK</setSpec><setSpec>uge_abbat_RapidILL_BOOK</setSpec><setSpec>UNIGE_ALL</setSpec><setSpec>uge_acar_RapidILL_BOOK</setSpec><setSpec>uge_aobs_RapidILL_BOOK</setSpec></header><metadata>
<record xmlns="http://www.loc.gov/MARC21/slim" xmlns:xsi="http://www.w3.org/2001/XMLSchema-instance" xsi:schemaLocation="http://www.loc.gov/MARC21/slim http://www.loc.gov/standards/marcxml/schema/MARC21slim.xsd"><leader>01598nam a2200361 c 4500</leader><controlfield tag="001">991000048389705502</controlfield><controlfield tag="005">20230328204245.0</controlfield><controlfield tag="008">201012s1976    xxu           10| | eng  </controlfield><datafield ind1=" " ind2=" " tag="020"><subfield code="a">0891813012</subfield></datafield><datafield ind1=" " ind2=" " tag="035"><subfield code="a">(swissbib)238839346-41slsp_network</subfield></datafield><datafield ind1=" " ind2=" " tag="035"><subfield code="a">238839346</subfield><subfield code="9">ExL</subfield></datafield><datafield ind1=" " ind2=" " tag="035"><subfield code="a">(IDSBB)002262623DSV01</subfield></datafield><datafield ind1=" " ind2=" " tag="035"><subfield code="a">(RERO)1291142-41slsp</subfield></datafield><datafield ind1=" " ind2=" " tag="035"><subfield code="a">(EXLNZ-41SLSP_NETWORK)991093238309705501</subfield></datafield><datafield ind1=" " ind2=" " tag="040"><subfield code="a">SzZuIDS BS/BE B452</subfield><subfield code="e">kids</subfield><subfield code="d">CH-ZuSLS</subfield></datafield><datafield ind1=" " ind2="7" tag="072"><subfield code="a">st</subfield><subfield code="2">rero</subfield></datafield><datafield ind1="0" ind2="0" tag="245"><subfield code="a">Circum-Pacific energy and mineral resources</subfield><subfield code="b">papers from the Circum-Pacific energy and mineral resources conference held August 26-30, 1974, in Honolulu, Hawaii</subfield><subfield code="c">ed. by Michel T.Halbouty ... [et al.]</subfield></datafield><datafield ind1=" " ind2="1" tag="264"><subfield code="a">Tulsa (Okla.)</subfield><subfield code="b">American Association of Petroleum Geologists</subfield><subfield code="c">1976</subfield></datafield><datafield ind1=" " ind2=" " tag="300"><subfield code="a">XVI, 608 p.</subfield><subfield code="b">ill.</subfield><subfield code="c">25 cm</subfield></datafield><datafield ind1=" " ind2=" " tag="336"><subfield code="b">txt</subfield><subfield code="2">rdacontent</subfield></datafield><datafield ind1=" " ind2=" " tag="337"><subfield code="b">n</subfield><subfield code="2">rdamedia</subfield></datafield><datafield ind1=" " ind2=" " tag="338"><subfield code="b">nc</subfield><subfield code="2">rdacarrier</subfield></datafield><datafield ind1="1" ind2=" " tag="490"><subfield code="a">Memoir / American Association of Petroleum Geologists</subfield><subfield code="v">25</subfield></datafield><datafield ind1=" " ind2="7" tag="650"><subfield code="a">Ressources minérales</subfield><subfield code="0">(IDREF)152730052</subfield><subfield code="2">idref</subfield></datafield><datafield ind1=" " ind2="7" tag="650"><subfield code="a">Ressources énergétiques</subfield><subfield code="0">(IDREF)027242587</subfield><subfield code="2">idref</subfield></datafield><datafield ind1=" " ind2="7" tag="651"><subfield code="a">Pacifique (région)</subfield><subfield code="0">(IDREF)027645649</subfield><subfield code="2">idref</subfield></datafield><datafield ind1=" " ind2="7" tag="655"><subfield code="a">Konferenzschrift</subfield><subfield code="z">Honolulu, Hawaii</subfield><subfield code="y">1974</subfield><subfield code="2">gnd-content</subfield></datafield><datafield ind1=" " ind2="7" tag="655"><subfield code="a">Actes de congrès</subfield><subfield code="0">(IDREF)02886431X</subfield><subfield code="2">idref</subfield></datafield><datafield ind1="1" ind2=" " tag="700"><subfield code="a">Halbouty, Michel T.</subfield><subfield code="d">190-2004</subfield><subfield code="0">(DE-588)119193639</subfield><subfield code="6">880-02</subfield></datafield><datafield ind1="1" ind2=" " tag="880"><subfield code="6">700-02</subfield><subfield code="a">Halbouty, Michel Thomas</subfield><subfield code="d">1909-2004</subfield><subfield code="0">(IDREF)081299850</subfield></datafield><datafield ind1="2" ind2=" " tag="711"><subfield code="a">Circum Pacific Energy and Mineral Resources Conference</subfield><subfield code="0">(DE-588)138249-4</subfield></datafield><datafield ind1=" " ind2=" " tag="830"><subfield code="a">Memoir</subfield><subfield code="v">25</subfield><subfield code="w">(IDSBB)000002620DSV01</subfield></datafield><datafield ind1=" " ind2=" " tag="830"><subfield code="a">AAPG memoir</subfield><subfield code="v">25</subfield><subfield code="w">(RERO)0965921-41slsp</subfield></datafield><datafield ind1=" " ind2=" " tag="900"><subfield code="a">REROnoselfmerge</subfield></datafield></record>
</metadata></record>