<record><header><identifier>oai:alma.41SLSP_UGE:991000048909705502</identifier><datestamp>2023-03-01T01:09:16Z</datestamp><setSpec>uge_bcen_RapidILL_BOOK</setSpec><setSpec>uge_aaca_RapidILL_BOOK</setSpec><setSpec>uge_abels_RapidILL_BOOK</setSpec><setSpec>uge_dbu_RapidILL_BOOK</setSpec><setSpec>uge_cmu_RapidILL_BOOK</setSpec><setSpec>uge_mail_RapidILL_BOOK</setSpec><setSpec>UNIGE_ALL</setSpec><setSpec>uge_abbat_RapidILL_BOOK</setSpec><setSpec>uge_aobs_RapidILL_BOOK</setSpec><setSpec>uge_acar_RapidILL_BOOK</setSpec></header><metadata>
<record xmlns="http://www.loc.gov/MARC21/slim" xmlns:xsi="http://www.w3.org/2001/XMLSchema-instance" xsi:schemaLocation="http://www.loc.gov/MARC21/slim http://www.loc.gov/standards/marcxml/schema/MARC21slim.xsd"><leader>01556nam a2200409 c 4500</leader><controlfield tag="001">991000048909705502</controlfield><controlfield tag="005">20210330134953.0</controlfield><controlfield tag="008">201011s1926    gw ||||| |||| 00| ||ger d</controlfield><datafield ind1=" " ind2=" " tag="035"><subfield code="a">(swissbib)231311389-41slsp_network</subfield></datafield><datafield ind1=" " ind2=" " tag="035"><subfield code="a">231311389</subfield><subfield code="9">ExL</subfield></datafield><datafield ind1=" " ind2=" " tag="035"><subfield code="a">(RERO)0591712-41slsp</subfield></datafield><datafield ind1=" " ind2=" " tag="035"><subfield code="a">(NEBIS)001999006EBI01</subfield></datafield><datafield ind1=" " ind2=" " tag="035"><subfield code="a">(IDSBB)003406570DSV01</subfield></datafield><datafield ind1=" " ind2=" " tag="035"><subfield code="a">(EXLNZ-41SLSP_NETWORK)991094772269705501</subfield></datafield><datafield ind1=" " ind2=" " tag="040"><subfield code="a">RERO geulfr</subfield><subfield code="d">CH-ZuSLS</subfield></datafield><datafield ind1=" " ind2="7" tag="072"><subfield code="a">fm</subfield><subfield code="2">rero</subfield></datafield><datafield ind1=" " ind2="7" tag="072"><subfield code="a">ph</subfield><subfield code="2">rero</subfield></datafield><datafield ind1="1" ind2=" " tag="100"><subfield code="a">Ruska, Julius</subfield><subfield code="d">1867-1949</subfield><subfield code="6">880-01</subfield><subfield code="0">(DE-588)118604260</subfield></datafield><datafield ind1="1" ind2=" " tag="880"><subfield code="6">100-01</subfield><subfield code="a">Ruska, Julius</subfield><subfield code="d">1867-1949</subfield><subfield code="0">(IDREF)074051563</subfield><subfield code="4">cre</subfield></datafield><datafield ind1="1" ind2="0" tag="245"><subfield code="a">Tabula Smaragdina</subfield><subfield code="b">ein Beitrag zur Geschichte der Hermetischen Literatur</subfield><subfield code="c">von Julius Ruska</subfield></datafield><datafield ind1=" " ind2="1" tag="264"><subfield code="a">Heidelberg</subfield><subfield code="b">C. Winter</subfield><subfield code="c">1926</subfield></datafield><datafield ind1=" " ind2=" " tag="300"><subfield code="a">VII, 248 p.</subfield><subfield code="c">25 cm</subfield></datafield><datafield ind1=" " ind2=" " tag="336"><subfield code="b">txt</subfield><subfield code="2">rdacontent</subfield></datafield><datafield ind1=" " ind2=" " tag="337"><subfield code="b">n</subfield><subfield code="2">rdamedia</subfield></datafield><datafield ind1=" " ind2=" " tag="338"><subfield code="b">nc</subfield><subfield code="2">rdacarrier</subfield></datafield><datafield ind1="1" ind2=" " tag="490"><subfield code="a">Heidelberger Akten der Von-Portheim-Stiftung</subfield><subfield code="v">16</subfield></datafield><datafield ind1="1" ind2=" " tag="490"><subfield code="a">Arbeiten aus dem Institut für Geschichte der Naturwissenschaft</subfield><subfield code="v">4</subfield></datafield><datafield ind1="0" ind2="7" tag="630"><subfield code="a">Tabula Smaragdina</subfield><subfield code="2">idszbz</subfield></datafield><datafield ind1=" " ind2="4" tag="648"><subfield code="a">Geschichte</subfield></datafield><datafield ind1=" " ind2="4" tag="650"><subfield code="a">Alchemie</subfield></datafield><datafield ind1=" " ind2="4" tag="650"><subfield code="a">Hermetische Philosophie</subfield></datafield><datafield ind1=" " ind2="4" tag="650"><subfield code="a">Rezeption</subfield></datafield><datafield ind1=" " ind2="4" tag="655"><subfield code="a">Quelle</subfield></datafield><datafield ind1=" " ind2=" " tag="690"><subfield code="a">24.03</subfield><subfield code="d">Andere Religionen: Geschichte</subfield><subfield code="2">uzb-VA</subfield></datafield><datafield ind1=" " ind2=" " tag="830"><subfield code="a">Heidelberger Akten der von-Portheim-Stiftung</subfield><subfield code="v">16</subfield><subfield code="w">(IDSBB)001357178DSV01</subfield></datafield><datafield ind1=" " ind2=" " tag="830"><subfield code="a">Heidelberger Akten der Von-Portheim-Stiftung</subfield><subfield code="v">16</subfield><subfield code="w">(RERO)0594632-41slsp</subfield></datafield><datafield ind1=" " ind2=" " tag="830"><subfield code="a">Arbeiten aus dem Institut für Geschichte der Naturwissenschaft</subfield><subfield code="v">4</subfield><subfield code="w">(NEBIS)001998974EBI01</subfield></datafield><datafield ind1=" " ind2=" " tag="900"><subfield code="a">REROnoselfmerge</subfield></datafield></record>
</metadata></record>