<record><header><identifier>oai:alma.41SLSP_UGE:991000048719705502</identifier><datestamp>2024-03-22T01:22:18Z</datestamp><setSpec>uge_bcen_RapidILL_BOOK</setSpec><setSpec>uge_aaca_RapidILL_BOOK</setSpec><setSpec>uge_abels_RapidILL_BOOK</setSpec><setSpec>uge_dbu_RapidILL_BOOK</setSpec><setSpec>uge_cmu_RapidILL_BOOK</setSpec><setSpec>uge_mail_RapidILL_BOOK</setSpec><setSpec>uge_abbat_RapidILL_BOOK</setSpec><setSpec>UNIGE_ALL</setSpec><setSpec>uge_acar_RapidILL_BOOK</setSpec><setSpec>uge_aobs_RapidILL_BOOK</setSpec></header><metadata>
<record xmlns="http://www.loc.gov/MARC21/slim" xmlns:xsi="http://www.w3.org/2001/XMLSchema-instance" xsi:schemaLocation="http://www.loc.gov/MARC21/slim http://www.loc.gov/standards/marcxml/schema/MARC21slim.xsd"><leader>01147nam a2200349uca4500</leader><controlfield tag="001">991000048719705502</controlfield><controlfield tag="005">20240322001444.0</controlfield><controlfield tag="008">201011m19761977it            00| | ita|d</controlfield><datafield ind1=" " ind2=" " tag="019"><subfield code="a">Übergeordnete Aufnahme = Niveau supérieur = Livello superiore</subfield><subfield code="5">SLSP/2020</subfield></datafield><datafield ind1=" " ind2=" " tag="035"><subfield code="a">(swissbib)212784900-41slsp_network</subfield></datafield><datafield ind1=" " ind2=" " tag="035"><subfield code="a">212784900</subfield><subfield code="9">ExL</subfield></datafield><datafield ind1=" " ind2=" " tag="035"><subfield code="a">(NEBIS)001663800EBI01</subfield></datafield><datafield ind1=" " ind2=" " tag="035"><subfield code="a">(RERO)2266452-41slsp</subfield></datafield><datafield ind1=" " ind2=" " tag="035"><subfield code="a">(IDSBB)001592008DSV01</subfield></datafield><datafield ind1=" " ind2=" " tag="035"><subfield code="a">(EXLNZ-41SLSP_NETWORK)991031631479705501</subfield></datafield><datafield ind1=" " ind2=" " tag="040"><subfield code="a">ZBZ</subfield><subfield code="b">ger</subfield><subfield code="e">ETHICS-ISBD</subfield><subfield code="d">CH-ZuSLS</subfield></datafield><datafield ind1=" " ind2="7" tag="072"><subfield code="a">it</subfield><subfield code="2">rero</subfield></datafield><datafield ind1=" " ind2="7" tag="072"><subfield code="a">it</subfield><subfield code="2">SzZuIDS BS/BE</subfield></datafield><datafield ind1="0" ind2="0" tag="245"><subfield code="a">Folengo, Aretino, Doni</subfield><subfield code="c">a cura di Carlo Cordié</subfield></datafield><datafield ind1=" " ind2="1" tag="264"><subfield code="a">Milano [etc.]</subfield><subfield code="b">Ricciardi</subfield><subfield code="c">1976-1977</subfield></datafield><datafield ind1=" " ind2=" " tag="300"><subfield code="a">2 tomi</subfield></datafield><datafield ind1=" " ind2=" " tag="336"><subfield code="b">txt</subfield><subfield code="2">rdacontent</subfield></datafield><datafield ind1=" " ind2=" " tag="337"><subfield code="b">n</subfield><subfield code="2">rdamedia</subfield></datafield><datafield ind1=" " ind2=" " tag="338"><subfield code="b">nc</subfield><subfield code="2">rdacarrier</subfield></datafield><datafield ind1="1" ind2=" " tag="490"><subfield code="a">La letteratura italiana</subfield><subfield code="v">vol. 26</subfield></datafield><datafield ind1=" " ind2="7" tag="650"><subfield code="a">Neulatein</subfield><subfield code="2">idszbz</subfield></datafield><datafield ind1=" " ind2="7" tag="650"><subfield code="a">Parodie</subfield><subfield code="2">idszbz</subfield></datafield><datafield ind1=" " ind2="7" tag="650"><subfield code="a">Neulatein</subfield><subfield code="0">(DE-588)4120281-8</subfield><subfield code="2">gnd</subfield></datafield><datafield ind1=" " ind2="7" tag="650"><subfield code="a">Parodie</subfield><subfield code="0">(DE-588)4044719-4</subfield><subfield code="2">gnd</subfield></datafield><datafield ind1=" " ind2="7" tag="655"><subfield code="a">Ausgabe</subfield><subfield code="2">idszbz</subfield></datafield><datafield ind1="1" ind2=" " tag="700"><subfield code="a">Cordié, Carlo</subfield></datafield><datafield ind1=" " ind2=" " tag="830"><subfield code="a">&lt;&lt;La&gt;&gt; letteratura italiana</subfield><subfield code="v">26</subfield><subfield code="w">(NEBIS)000995028EBI01</subfield></datafield><datafield ind1=" " ind2=" " tag="900"><subfield code="a">REROnoselfmerge</subfield></datafield></record>
</metadata></record>