<record><header><identifier>oai:alma.41SLSP_UGE:991000049139705502</identifier><datestamp>2023-12-15T01:23:31Z</datestamp><setSpec>uge_bcen_RapidILL_BOOK</setSpec><setSpec>uge_aaca_RapidILL_BOOK</setSpec><setSpec>uge_abels_RapidILL_BOOK</setSpec><setSpec>uge_dbu_RapidILL_BOOK</setSpec><setSpec>uge_cmu_RapidILL_BOOK</setSpec><setSpec>uge_mail_RapidILL_BOOK</setSpec><setSpec>uge_abbat_RapidILL_BOOK</setSpec><setSpec>UNIGE_ALL</setSpec><setSpec>uge_acar_RapidILL_BOOK</setSpec><setSpec>uge_aobs_RapidILL_BOOK</setSpec></header><metadata>
<record xmlns="http://www.loc.gov/MARC21/slim" xmlns:xsi="http://www.w3.org/2001/XMLSchema-instance" xsi:schemaLocation="http://www.loc.gov/MARC21/slim http://www.loc.gov/standards/marcxml/schema/MARC21slim.xsd"><leader>01942nam a2200529 c 4500</leader><controlfield tag="001">991000049139705502</controlfield><controlfield tag="005">20230217225449.0</controlfield><controlfield tag="008">201012s2008    xxu||||| |||| 00| ||eng d</controlfield><datafield ind1=" " ind2=" " tag="010"><subfield code="a">2008008395</subfield></datafield><datafield ind1=" " ind2=" " tag="015"><subfield code="a">GBA893745</subfield><subfield code="2">bnb</subfield></datafield><datafield ind1="7" ind2=" " tag="016"><subfield code="a">014680228</subfield><subfield code="2">Uk</subfield></datafield><datafield ind1=" " ind2=" " tag="020"><subfield code="a">9780664221423</subfield></datafield><datafield ind1=" " ind2=" " tag="020"><subfield code="a">0664221424</subfield></datafield><datafield ind1=" " ind2=" " tag="035"><subfield code="a">(swissbib)239200543-41slsp_network</subfield></datafield><datafield ind1=" " ind2=" " tag="035"><subfield code="a">239200543</subfield><subfield code="9">ExL</subfield></datafield><datafield ind1=" " ind2=" " tag="035"><subfield code="a">(RERO)R005013407-41slsp</subfield></datafield><datafield ind1=" " ind2=" " tag="035"><subfield code="a">(NEBIS)009723420EBI01</subfield></datafield><datafield ind1=" " ind2=" " tag="035"><subfield code="a">(IDSBB)007123680DSV01</subfield></datafield><datafield ind1=" " ind2=" " tag="035"><subfield code="a">(OCoLC)213133302</subfield></datafield><datafield ind1=" " ind2=" " tag="035"><subfield code="a">(EXLNZ-41SLSP_NETWORK)991085697239705501</subfield></datafield><datafield ind1=" " ind2=" " tag="040"><subfield code="a">RERO geuth-</subfield><subfield code="d">CH-ZuSLS</subfield></datafield><datafield ind1=" " ind2=" " tag="050"><subfield code="a">BS2715.53</subfield><subfield code="b">.S86 2008</subfield></datafield><datafield ind1=" " ind2="7" tag="072"><subfield code="a">th</subfield><subfield code="2">rero</subfield></datafield><datafield ind1="0" ind2="4" tag="082"><subfield code="a">227/.707</subfield><subfield code="2">22</subfield></datafield><datafield ind1=" " ind2=" " tag="084"><subfield code="a">BC 4940</subfield><subfield code="2">rvk</subfield></datafield><datafield ind1="1" ind2=" " tag="100"><subfield code="a">Sumney, Jerry L.</subfield><subfield code="d">1955-</subfield><subfield code="6">880-01</subfield><subfield code="0">(DE-588)1034442821</subfield></datafield><datafield ind1="1" ind2=" " tag="880"><subfield code="6">100-01</subfield><subfield code="a">Sumney, Jerry L.</subfield><subfield code="0">(IDREF)070472971</subfield><subfield code="4">cre</subfield></datafield><datafield ind1="1" ind2="0" tag="245"><subfield code="a">Colossians</subfield><subfield code="b">a commentary</subfield><subfield code="c">Jerry L. Sumney</subfield></datafield><datafield ind1=" " ind2="1" tag="264"><subfield code="a">Louisville, Ky.</subfield><subfield code="b">Westminster John Knox Press</subfield><subfield code="c">2008</subfield></datafield><datafield ind1=" " ind2=" " tag="300"><subfield code="a">xxvii, 305 p.</subfield><subfield code="c">23 cm</subfield></datafield><datafield ind1=" " ind2=" " tag="336"><subfield code="b">txt</subfield><subfield code="2">rdacontent</subfield></datafield><datafield ind1=" " ind2=" " tag="337"><subfield code="b">n</subfield><subfield code="2">rdamedia</subfield></datafield><datafield ind1=" " ind2=" " tag="338"><subfield code="b">nc</subfield><subfield code="2">rdacarrier</subfield></datafield><datafield ind1="1" ind2=" " tag="490"><subfield code="a">The New Testament library</subfield></datafield><datafield ind1=" " ind2=" " tag="504"><subfield code="a">Bibliogr.: p. [xv]-xxvii</subfield></datafield><datafield ind1="0" ind2="7" tag="630"><subfield code="a">Bible</subfield><subfield code="p">N.T.</subfield><subfield code="p">Épîtres</subfield><subfield code="p">Paul</subfield><subfield code="p">Colossiens</subfield><subfield code="0">(IDREF)028946057</subfield><subfield code="2">idref</subfield></datafield><datafield ind1="0" ind2="0" tag="630"><subfield code="a">Bible</subfield><subfield code="n">N.T</subfield><subfield code="p">Colossians</subfield><subfield code="v">Commentaries</subfield></datafield><datafield ind1="0" ind2="7" tag="630"><subfield code="a">Bibel</subfield><subfield code="p">Kolosserbrief</subfield><subfield code="0">(DE-588)4075946-5</subfield><subfield code="2">gnd</subfield></datafield><datafield ind1="0" ind2="0" tag="630"><subfield code="a">Bible</subfield><subfield code="p">Colossians</subfield><subfield code="v">Commentaries</subfield></datafield><datafield ind1=" " ind2="7" tag="655"><subfield code="a">Commentaire de texte</subfield><subfield code="0">(IDREF)27790681</subfield><subfield code="2">idref</subfield></datafield><datafield ind1=" " ind2="7" tag="655"><subfield code="a">Kommentar</subfield><subfield code="2">gnd-content</subfield></datafield><datafield ind1="0" ind2=" " tag="730"><subfield code="a">Bible</subfield><subfield code="n">218</subfield><subfield code="p">N.T</subfield><subfield code="p">Epître aux Colossiens</subfield><subfield code="l">Anglais</subfield></datafield><datafield ind1="4" ind2=" " tag="856"><subfield code="z">Table of contents only</subfield><subfield code="u">http://catdir.loc.gov/catdir/toc/ecip0812/2008008395.html</subfield></datafield><datafield ind1=" " ind2=" " tag="830"><subfield code="a">&lt;&lt;The&gt;&gt; New Testament library</subfield><subfield code="w">(RERO)0734502-41slsp</subfield></datafield><datafield ind1=" " ind2=" " tag="830"><subfield code="a">&lt;&lt;The&gt;&gt; New Testament Library</subfield><subfield code="w">(NEBIS)009728008EBI01</subfield></datafield><datafield ind1=" " ind2=" " tag="900"><subfield code="a">REROnoselfmerge</subfield></datafield><datafield ind1=" " ind2=" " tag="900"><subfield code="a">Stoppsignal FRED</subfield><subfield code="x">UBE/B400/202107</subfield></datafield><datafield ind1=" " ind2=" " tag="949"><subfield code="a">http://catdir.loc.gov/catdir/toc/ecip0812/2008008395.html</subfield></datafield></record>
</metadata></record>