<record><header><identifier>oai:alma.41SLSP_UGE:991000048619705502</identifier><datestamp>2023-03-01T01:09:16Z</datestamp><setSpec>uge_bcen_RapidILL_BOOK</setSpec><setSpec>uge_aaca_RapidILL_BOOK</setSpec><setSpec>uge_abels_RapidILL_BOOK</setSpec><setSpec>uge_dbu_RapidILL_BOOK</setSpec><setSpec>uge_cmu_RapidILL_BOOK</setSpec><setSpec>uge_mail_RapidILL_BOOK</setSpec><setSpec>UNIGE_ALL</setSpec><setSpec>uge_abbat_RapidILL_BOOK</setSpec><setSpec>uge_aobs_RapidILL_BOOK</setSpec><setSpec>uge_acar_RapidILL_BOOK</setSpec></header><metadata>
<record xmlns="http://www.loc.gov/MARC21/slim" xmlns:xsi="http://www.w3.org/2001/XMLSchema-instance" xsi:schemaLocation="http://www.loc.gov/MARC21/slim http://www.loc.gov/standards/marcxml/schema/MARC21slim.xsd"><leader>04210nam a2200661 c 4500</leader><controlfield tag="001">991000048619705502</controlfield><controlfield tag="005">20230216211534.0</controlfield><controlfield tag="008">201011s2016    fr ||||| |||| 00| ||fre d</controlfield><datafield ind1="7" ind2=" " tag="016"><subfield code="a">FRBNF451345030000004</subfield><subfield code="2">FrPBN</subfield></datafield><datafield ind1=" " ind2=" " tag="020"><subfield code="a">9782707176899</subfield><subfield code="q">br</subfield></datafield><datafield ind1=" " ind2=" " tag="020"><subfield code="a">2707176893</subfield><subfield code="q">br</subfield></datafield><datafield ind1=" " ind2=" " tag="035"><subfield code="a">(swissbib)229795226-41slsp_network</subfield></datafield><datafield ind1=" " ind2=" " tag="035"><subfield code="a">229795226</subfield><subfield code="9">ExL</subfield></datafield><datafield ind1=" " ind2=" " tag="035"><subfield code="a">(RERO)R008484593-41slsp</subfield></datafield><datafield ind1=" " ind2=" " tag="035"><subfield code="a">(NEBIS)010837025EBI01</subfield></datafield><datafield ind1=" " ind2=" " tag="035"><subfield code="a">(OCoLC)958294569</subfield></datafield><datafield ind1=" " ind2=" " tag="035"><subfield code="a">(EXLNZ-41SLSP_NETWORK)991155009969705501</subfield></datafield><datafield ind1=" " ind2=" " tag="040"><subfield code="a">RERO geuses</subfield><subfield code="d">CH-ZuSLS</subfield></datafield><datafield ind1=" " ind2="7" tag="072"><subfield code="a">so</subfield><subfield code="2">rero</subfield></datafield><datafield ind1="0" ind2="4" tag="082"><subfield code="a">307.76</subfield><subfield code="2">22</subfield></datafield><datafield ind1="0" ind2="4" tag="082"><subfield code="a">307.760943155</subfield><subfield code="2">22/ger</subfield></datafield><datafield ind1=" " ind2=" " tag="084"><subfield code="a">300</subfield><subfield code="2">sdnb</subfield></datafield><datafield ind1=" " ind2=" " tag="084"><subfield code="a">MS 1750</subfield><subfield code="2">rvk</subfield></datafield><datafield ind1=" " ind2=" " tag="084"><subfield code="a">MS 1870</subfield><subfield code="2">rvk</subfield></datafield><datafield ind1="1" ind2=" " tag="100"><subfield code="a">Bocquet, Denis</subfield><subfield code="d">1970-</subfield><subfield code="0">(DE-588)1071341332</subfield><subfield code="e">Verfasser</subfield><subfield code="4">aut</subfield><subfield code="6">880-01</subfield></datafield><datafield ind1="1" ind2=" " tag="880"><subfield code="6">100-01</subfield><subfield code="a">Bocquet, Denis</subfield><subfield code="d">1970-....</subfield><subfield code="0">(IDREF)077014413</subfield><subfield code="4">cre</subfield></datafield><datafield ind1="1" ind2="0" tag="245"><subfield code="a">Sociologie de Berlin</subfield><subfield code="c">Denis Bocquet, Pascale Laborier</subfield></datafield><datafield ind1=" " ind2="1" tag="264"><subfield code="a">Paris</subfield><subfield code="b">La Découverte</subfield><subfield code="c">[2016]</subfield></datafield><datafield ind1=" " ind2=" " tag="300"><subfield code="a">126 Seiten</subfield><subfield code="b">Karten, Diagramme (schwarzweiß)</subfield><subfield code="c">19 cm</subfield></datafield><datafield ind1=" " ind2=" " tag="336"><subfield code="b">txt</subfield><subfield code="2">rdacontent</subfield></datafield><datafield ind1=" " ind2=" " tag="337"><subfield code="b">n</subfield><subfield code="2">rdamedia</subfield></datafield><datafield ind1=" " ind2=" " tag="338"><subfield code="b">nc</subfield><subfield code="2">rdacarrier</subfield></datafield><datafield ind1="1" ind2=" " tag="490"><subfield code="a">Repères</subfield><subfield code="v">675</subfield></datafield><datafield ind1=" " ind2=" " tag="504"><subfield code="a">Bibliogr. S. [113]-122</subfield></datafield><datafield ind1="4" ind2=" " tag="510"><subfield code="a">La Vie des idées, mis en ligne le 8 février 2017 (Élise Julien)</subfield></datafield><datafield ind1=" " ind2=" " tag="520"><subfield code="a">&quot;Au cours du XXe siècle, Berlin a connu de violents bouleversements historiques. Depuis la chute du Mur, en 1989, la ville s'est aussi engagée dans une profonde mutation institutionnelle, politique, économique, démographique et sociale, souvent en décalage avec les évolutions constatées dans les autres grandes capitales européennes. Ce livre analyse cette profonde originalité de Berlin, un laboratoire d'invention sociale te politique hors norme. Transformée par les immenses chantiers qui ont fait d'elle la capitale de l'Allemagne unifiée en 1991, Berlin est rapidement devenue l'aimant d'une nouvelle bohème européenne. Elle réinvente aujourd'hui une nouvelle manière d'être capitale entre héritage de politiques sociales qui ont longtemps été considérées comme des modèles en Europe et évolution de son modèle de gouvernance de la diversité. Elle parvient lentement à résorber le chômage de masse, mais le confinement d'une partie de la population dans les mécanismes de l'aide sociale perdure. Les quartiers de la contestation estudiantine ne sont quant à eux plus à l'abri de la gentrification et de la spéculation. Berlin est au cœur de débats cruciaux sur les enjeux urbains du XXIe siècle que ce livre analyse également dans le contexte du défi posé par l'accueil de dizaines de milliers de réfugiés.&quot;</subfield></datafield><datafield ind1=" " ind2="7" tag="650"><subfield code="a">Sociologie</subfield><subfield code="0">(IDREF)049647490</subfield><subfield code="2">idref</subfield></datafield><datafield ind1=" " ind2="7" tag="650"><subfield code="a">Sociologie urbaine</subfield><subfield code="z">Allemagne</subfield><subfield code="z">Berlin (Allemagne)</subfield><subfield code="y">1945-</subfield><subfield code="2">ram</subfield></datafield><datafield ind1=" " ind2="7" tag="650"><subfield code="a">Stadtsoziologie</subfield><subfield code="0">(DE-588)4077811-3</subfield><subfield code="2">gnd</subfield></datafield><datafield ind1=" " ind2="7" tag="650"><subfield code="a">Lebensbedingungen</subfield><subfield code="0">(DE-588)4130642-9</subfield><subfield code="2">gnd</subfield></datafield><datafield ind1=" " ind2="7" tag="650"><subfield code="a">Lebensstil</subfield><subfield code="0">(DE-588)4138354-0</subfield><subfield code="2">gnd</subfield></datafield><datafield ind1=" " ind2="7" tag="650"><subfield code="a">Politische Kultur</subfield><subfield code="0">(DE-588)4046540-8</subfield><subfield code="2">gnd</subfield></datafield><datafield ind1=" " ind2="7" tag="650"><subfield code="a">Urbanität</subfield><subfield code="0">(DE-588)4062110-8</subfield><subfield code="2">gnd</subfield></datafield><datafield ind1=" " ind2="7" tag="650"><subfield code="a">COMMUNAUTÉS LOCALES + GROUPES LIÉS À UN LIEU + SOCIOLOGIE URBAINE</subfield><subfield code="9">fre</subfield><subfield code="0">(ETHUDK)000010022</subfield><subfield code="2">ethudk</subfield></datafield><datafield ind1=" " ind2="7" tag="650"><subfield code="a">LAND DE BERLIN, LAND ET VILLE (ALLEMAGNE)</subfield><subfield code="9">fre</subfield><subfield code="0">(ETHUDK)000001834</subfield><subfield code="2">ethudk</subfield></datafield><datafield ind1=" " ind2="7" tag="651"><subfield code="a">Berlin (Allemagne)</subfield><subfield code="0">(IDREF)027427536</subfield><subfield code="2">idref</subfield></datafield><datafield ind1=" " ind2="7" tag="651"><subfield code="a">Berlin (Allemagne)</subfield><subfield code="x">Conditions sociales</subfield><subfield code="y">1945-</subfield><subfield code="2">ram</subfield></datafield><datafield ind1=" " ind2="7" tag="651"><subfield code="a">Berlin (Allemagne)</subfield><subfield code="x">Population</subfield><subfield code="y">1990-</subfield><subfield code="2">ram</subfield></datafield><datafield ind1=" " ind2="7" tag="651"><subfield code="a">Berlin</subfield><subfield code="0">(DE-588)4005728-8</subfield><subfield code="2">gnd</subfield></datafield><datafield ind1="1" ind2=" " tag="700"><subfield code="a">Laborier, Pascale</subfield><subfield code="e">Verfasser</subfield><subfield code="4">aut</subfield><subfield code="6">880-02</subfield></datafield><datafield ind1="1" ind2=" " tag="880"><subfield code="6">700-02</subfield><subfield code="a">Laborier, Pascale</subfield><subfield code="d">1962-....</subfield><subfield code="0">(IDREF)059091827</subfield></datafield><datafield ind1="4" ind2="2" tag="856"><subfield code="3">Compte-rendu</subfield><subfield code="u">http://www.laviedesidees.fr/Berlin-multikulti.html</subfield></datafield><datafield ind1="4" ind2=" " tag="856"><subfield code="3">Titelblatt und Inhaltsverzeichnis</subfield><subfield code="u">https://toc.library.ethz.ch/objects/pdf03/e19_978-2-7071-7689-9_01.pdf</subfield><subfield code="q">pdf</subfield></datafield><datafield ind1=" " ind2=" " tag="830"><subfield code="a">Repères</subfield><subfield code="v">675</subfield><subfield code="w">(NEBIS)000594775EBI01</subfield></datafield><datafield ind1=" " ind2=" " tag="830"><subfield code="a">Repères</subfield><subfield code="p">La Découverte</subfield><subfield code="v">675</subfield><subfield code="w">(RERO)0446949-41slsp</subfield></datafield><datafield ind1=" " ind2=" " tag="900"><subfield code="a">REROnoselfmerge</subfield></datafield><datafield ind1=" " ind2=" " tag="900"><subfield code="a">IDSZ2zbzmon201712l</subfield><subfield code="c">IDSZ2rein</subfield><subfield code="d">IDSZ2zbzswk201802g</subfield><subfield code="e">IDSZ2bucp</subfield></datafield><datafield ind1=" " ind2=" " tag="949"><subfield code="a">https://toc.library.ethz.ch/objects/pdf03/e19_978-2-7071-7689-9_01.pdf</subfield></datafield><datafield ind1=" " ind2=" " tag="949"><subfield code="a">http://www.laviedesidees.fr/Berlin-multikulti.html</subfield></datafield></record>
</metadata></record>