<record><header><identifier>oai:alma.41SLSP_UGE:991000048609705502</identifier><datestamp>2023-04-08T00:14:37Z</datestamp><setSpec>uge_bcen_RapidILL_BOOK</setSpec><setSpec>uge_aaca_RapidILL_BOOK</setSpec><setSpec>uge_abels_RapidILL_BOOK</setSpec><setSpec>uge_dbu_RapidILL_BOOK</setSpec><setSpec>uge_cmu_RapidILL_BOOK</setSpec><setSpec>uge_mail_RapidILL_BOOK</setSpec><setSpec>uge_abbat_RapidILL_BOOK</setSpec><setSpec>UNIGE_ALL</setSpec><setSpec>uge_aobs_RapidILL_BOOK</setSpec><setSpec>uge_acar_RapidILL_BOOK</setSpec></header><metadata>
<record xmlns="http://www.loc.gov/MARC21/slim" xmlns:xsi="http://www.w3.org/2001/XMLSchema-instance" xsi:schemaLocation="http://www.loc.gov/MARC21/slim http://www.loc.gov/standards/marcxml/schema/MARC21slim.xsd"><leader>01610nam a2200445 c 4500</leader><controlfield tag="001">991000048609705502</controlfield><controlfield tag="005">20230407174632.0</controlfield><controlfield tag="008">100422m19811982xxu||||| |||| 00| ||eng d</controlfield><datafield ind1=" " ind2=" " tag="020"><subfield code="a">0824712692</subfield><subfield code="q">vol. 2</subfield></datafield><datafield ind1=" " ind2=" " tag="020"><subfield code="a">0824716981</subfield><subfield code="q">vol. 3</subfield></datafield><datafield ind1=" " ind2=" " tag="020"><subfield code="a">082476918X</subfield><subfield code="q">vol. 1</subfield></datafield><datafield ind1=" " ind2=" " tag="035"><subfield code="a">(swissbib)110248317-41slsp_network</subfield></datafield><datafield ind1=" " ind2=" " tag="035"><subfield code="a">110248317</subfield><subfield code="9">ExL</subfield></datafield><datafield ind1=" " ind2=" " tag="035"><subfield code="a">(RERO)R005430648-41slsp</subfield></datafield><datafield ind1=" " ind2=" " tag="035"><subfield code="a">(EXLNZ-41SLSP_NETWORK)991040020309705501</subfield></datafield><datafield ind1=" " ind2=" " tag="040"><subfield code="a">RERO geussc</subfield><subfield code="d">CH-ZuSLS</subfield></datafield><datafield ind1=" " ind2=" " tag="044"><subfield code="a">sz</subfield><subfield code="c">ch-bs</subfield></datafield><datafield ind1="0" ind2="0" tag="060"><subfield code="a">QV 785</subfield><subfield code="b">P535 1980</subfield></datafield><datafield ind1=" " ind2="7" tag="072"><subfield code="a">pa</subfield><subfield code="2">rero</subfield></datafield><datafield ind1=" " ind2=" " tag="084"><subfield code="a">VX 6060</subfield><subfield code="2">rvk</subfield></datafield><datafield ind1="0" ind2="0" tag="245"><subfield code="a">Tablets</subfield><subfield code="c">ed. by Herbert A. Lieberman, Leon Lachman ; [contrib. by George Baley ... et al.]</subfield></datafield><datafield ind1=" " ind2="1" tag="264"><subfield code="a">New York</subfield><subfield code="a">Basel</subfield><subfield code="b">M. Dekker</subfield><subfield code="c">1980-1982</subfield></datafield><datafield ind1=" " ind2=" " tag="300"><subfield code="a">3 vol. (490, 508, 438 p.)</subfield><subfield code="b">ill.</subfield><subfield code="c">26 cm</subfield></datafield><datafield ind1=" " ind2=" " tag="336"><subfield code="b">txt</subfield><subfield code="2">rdacontent</subfield></datafield><datafield ind1=" " ind2=" " tag="337"><subfield code="b">n</subfield><subfield code="2">rdamedia</subfield></datafield><datafield ind1=" " ind2=" " tag="338"><subfield code="b">nc</subfield><subfield code="2">rdacarrier</subfield></datafield><datafield ind1="1" ind2=" " tag="490"><subfield code="a">Pharmaceutical dosage forms</subfield><subfield code="v">[1]</subfield><subfield code="v">[2]</subfield><subfield code="v">[3]</subfield></datafield><datafield ind1=" " ind2="2" tag="650"><subfield code="a">Dosage Forms</subfield></datafield><datafield ind1=" " ind2="2" tag="650"><subfield code="a">Pharmaceutical Preparations</subfield><subfield code="x">administration &amp; dosage</subfield></datafield><datafield ind1=" " ind2="7" tag="650"><subfield code="a">Tablette</subfield><subfield code="0">(DE-588)4184308-3</subfield><subfield code="2">gnd</subfield></datafield><datafield ind1=" " ind2="7" tag="650"><subfield code="a">Tablettierung</subfield><subfield code="0">(DE-588)4184312-5</subfield><subfield code="2">gnd</subfield></datafield><datafield ind1=" " ind2="7" tag="650"><subfield code="a">Pharmacie</subfield><subfield code="0">(IDREF)027246620</subfield><subfield code="2">idref</subfield></datafield><datafield ind1=" " ind2="7" tag="650"><subfield code="a">Tablettes à écrire</subfield><subfield code="0">(IDREF)027477851</subfield><subfield code="2">idref</subfield></datafield><datafield ind1=" " ind2="7" tag="655"><subfield code="a">Aufsatzsammlung</subfield><subfield code="2">gnd-content</subfield></datafield><datafield ind1=" " ind2="7" tag="655"><subfield code="a">[Études diverses]</subfield><subfield code="2">rero</subfield></datafield><datafield ind1="1" ind2=" " tag="700"><subfield code="a">Lieberman, Herbert A</subfield><subfield code="d">1920-....</subfield><subfield code="0">(IDREF)033102449</subfield></datafield><datafield ind1="1" ind2=" " tag="700"><subfield code="a">Baley, George</subfield><subfield code="0">(RERO)A023394634</subfield></datafield><datafield ind1="1" ind2=" " tag="700"><subfield code="a">Lachman, Leon</subfield><subfield code="0">(RERO)A003487648</subfield></datafield><datafield ind1=" " ind2="0" tag="830"><subfield code="a">Pharmaceutical dosage forms</subfield><subfield code="w">(IDSBB)001424685DSV01</subfield></datafield><datafield ind1=" " ind2="0" tag="830"><subfield code="a">Pharmaceutical dosage forms</subfield><subfield code="v">[1], [2], [3]</subfield></datafield><datafield ind1=" " ind2=" " tag="900"><subfield code="a">REROnoselfmerge</subfield></datafield></record>
</metadata></record>