<record><header><identifier>oai:alma.41SLSP_UGE:991000048919705502</identifier><datestamp>2023-03-01T01:09:16Z</datestamp><setSpec>uge_bcen_RapidILL_BOOK</setSpec><setSpec>uge_aaca_RapidILL_BOOK</setSpec><setSpec>uge_abels_RapidILL_BOOK</setSpec><setSpec>uge_dbu_RapidILL_BOOK</setSpec><setSpec>uge_cmu_RapidILL_BOOK</setSpec><setSpec>uge_mail_RapidILL_BOOK</setSpec><setSpec>UNIGE_ALL</setSpec><setSpec>uge_abbat_RapidILL_BOOK</setSpec><setSpec>uge_acar_RapidILL_BOOK</setSpec><setSpec>uge_aobs_RapidILL_BOOK</setSpec></header><metadata>
<record xmlns="http://www.loc.gov/MARC21/slim" xmlns:xsi="http://www.w3.org/2001/XMLSchema-instance" xsi:schemaLocation="http://www.loc.gov/MARC21/slim http://www.loc.gov/standards/marcxml/schema/MARC21slim.xsd"><leader>01441nam a2200385 c 4500</leader><controlfield tag="001">991000048919705502</controlfield><controlfield tag="005">20230116185213.0</controlfield><controlfield tag="008">201011s1994    hu ||||| |||| 00| ||fre d</controlfield><datafield ind1=" " ind2=" " tag="020"><subfield code="a">9634719791</subfield></datafield><datafield ind1=" " ind2=" " tag="035"><subfield code="a">(swissbib)227880560-41slsp_network</subfield></datafield><datafield ind1=" " ind2=" " tag="035"><subfield code="a">227880560</subfield><subfield code="9">ExL</subfield></datafield><datafield ind1=" " ind2=" " tag="035"><subfield code="a">(RERO)2086780-41slsp</subfield></datafield><datafield ind1=" " ind2=" " tag="035"><subfield code="a">(IDSBB)001082983DSV01</subfield></datafield><datafield ind1=" " ind2=" " tag="035"><subfield code="a">(EXLNZ-41SLSP_NETWORK)991077562379705501</subfield></datafield><datafield ind1=" " ind2=" " tag="040"><subfield code="a">RERO geulfr</subfield><subfield code="d">CH-ZuSLS</subfield></datafield><datafield ind1=" " ind2="7" tag="072"><subfield code="a">fm</subfield><subfield code="2">rero</subfield></datafield><datafield ind1=" " ind2="7" tag="072"><subfield code="a">fl</subfield><subfield code="2">SzZuIDS BS/BE</subfield></datafield><datafield ind1=" " ind2="7" tag="072"><subfield code="a">po</subfield><subfield code="2">SzZuIDS BS/BE</subfield></datafield><datafield ind1="1" ind2="4" tag="082"><subfield code="a">320</subfield><subfield code="2">15</subfield></datafield><datafield ind1="1" ind2="4" tag="082"><subfield code="a">840</subfield><subfield code="2">15</subfield></datafield><datafield ind1=" " ind2=" " tag="084"><subfield code="a">IH 18921</subfield><subfield code="2">rvk</subfield></datafield><datafield ind1="0" ind2="0" tag="245"><subfield code="a">Retrouver Jean-Richard Bloch</subfield><subfield code="c">textes réunis par Tivadar Gorilovics</subfield></datafield><datafield ind1=" " ind2="1" tag="264"><subfield code="a">Debrecen</subfield><subfield code="b">Kossuth Lajos Tudomànyegyetem</subfield><subfield code="c">1994</subfield></datafield><datafield ind1=" " ind2=" " tag="300"><subfield code="a">166 p.</subfield><subfield code="c">24 cm</subfield></datafield><datafield ind1=" " ind2=" " tag="336"><subfield code="b">txt</subfield><subfield code="2">rdacontent</subfield></datafield><datafield ind1=" " ind2=" " tag="337"><subfield code="b">n</subfield><subfield code="2">rdamedia</subfield></datafield><datafield ind1=" " ind2=" " tag="338"><subfield code="b">nc</subfield><subfield code="2">rdacarrier</subfield></datafield><datafield ind1="1" ind2=" " tag="490"><subfield code="a">Studia romanica Universitatis Debreceniensis de Ludovico Kossuth nominatae. Series litteraria</subfield><subfield code="v">fasc. 18</subfield></datafield><datafield ind1="1" ind2="7" tag="600"><subfield code="a">Bloch, Jean-Richard</subfield><subfield code="d">1884-1947</subfield><subfield code="0">(IDREF)026732947</subfield><subfield code="2">idref</subfield></datafield><datafield ind1="1" ind2="7" tag="600"><subfield code="a">Bloch, Jean-Richard</subfield><subfield code="2">idsbb</subfield></datafield><datafield ind1=" " ind2="7" tag="655"><subfield code="a">Actes de congrès</subfield><subfield code="0">(IDREF)02886431X</subfield><subfield code="2">idref</subfield></datafield><datafield ind1="1" ind2=" " tag="700"><subfield code="a">Gorilovics, Tivadar</subfield><subfield code="d">1933-2014</subfield><subfield code="0">(IDREF)028326342</subfield></datafield><datafield ind1="0" ind2=" " tag="730"><subfield code="a">Bloch</subfield></datafield><datafield ind1=" " ind2=" " tag="830"><subfield code="a">Studia Romanica Universitatis Debreceniensis de Ludovico Kossuth nominatae</subfield><subfield code="p">Series litteraria</subfield><subfield code="v">18</subfield><subfield code="w">(RERO)0526266-41slsp</subfield></datafield><datafield ind1=" " ind2=" " tag="830"><subfield code="a">Studia Romanica de Debrecen</subfield><subfield code="p">Series litteraria</subfield><subfield code="v">18</subfield><subfield code="w">(IDSBB)001251964DSV01</subfield></datafield><datafield ind1=" " ind2=" " tag="900"><subfield code="a">REROnoselfmerge</subfield></datafield></record>
</metadata></record>