<record><header><identifier>oai:alma.41SLSP_UGE:991000048399705502</identifier><datestamp>2023-03-01T01:09:16Z</datestamp><setSpec>uge_bcen_RapidILL_BOOK</setSpec><setSpec>uge_aaca_RapidILL_BOOK</setSpec><setSpec>uge_abels_RapidILL_BOOK</setSpec><setSpec>uge_dbu_RapidILL_BOOK</setSpec><setSpec>uge_cmu_RapidILL_BOOK</setSpec><setSpec>uge_mail_RapidILL_BOOK</setSpec><setSpec>UNIGE_ALL</setSpec><setSpec>uge_abbat_RapidILL_BOOK</setSpec><setSpec>uge_aobs_RapidILL_BOOK</setSpec><setSpec>uge_acar_RapidILL_BOOK</setSpec></header><metadata>
<record xmlns="http://www.loc.gov/MARC21/slim" xmlns:xsi="http://www.w3.org/2001/XMLSchema-instance" xsi:schemaLocation="http://www.loc.gov/MARC21/slim http://www.loc.gov/standards/marcxml/schema/MARC21slim.xsd"><leader>01220nam a2200277 c 4500</leader><controlfield tag="001">991000048399705502</controlfield><controlfield tag="005">20210206202233.0</controlfield><controlfield tag="008">080808s2008    be ||||| |||| 00| ||eng d</controlfield><datafield ind1=" " ind2=" " tag="020"><subfield code="a">9789290797722</subfield></datafield><datafield ind1=" " ind2=" " tag="035"><subfield code="a">(swissbib)107023334-41slsp_network</subfield></datafield><datafield ind1=" " ind2=" " tag="035"><subfield code="a">107023334</subfield><subfield code="9">ExL</subfield></datafield><datafield ind1=" " ind2=" " tag="035"><subfield code="a">(RERO)R004750441-41slsp</subfield></datafield><datafield ind1=" " ind2=" " tag="035"><subfield code="a">(EXLNZ-41SLSP_NETWORK)991071928509705501</subfield></datafield><datafield ind1=" " ind2=" " tag="040"><subfield code="a">RERO geuieg</subfield><subfield code="d">CH-ZuSLS</subfield></datafield><datafield ind1=" " ind2="7" tag="072"><subfield code="a">sp</subfield><subfield code="2">rero</subfield></datafield><datafield ind1="1" ind2=" " tag="100"><subfield code="a">Kurpas, Sebastian</subfield><subfield code="0">(IDREF)116848499</subfield><subfield code="4">cre</subfield></datafield><datafield ind1="1" ind2="0" tag="245"><subfield code="a">&lt;&lt;The&gt;&gt; European Commission after enlargement</subfield><subfield code="b">does more add up to less ? : CEPS Special Report, february 2008</subfield><subfield code="c">Sebastian Kurpas, Caroline Grøn, Piotr Maciej Kaczyński</subfield></datafield><datafield ind1=" " ind2="1" tag="264"><subfield code="a">Brussels</subfield><subfield code="b">Centre for European Policy Studies</subfield><subfield code="c">2008</subfield></datafield><datafield ind1=" " ind2=" " tag="300"><subfield code="a">55 p.</subfield><subfield code="b">ill.</subfield></datafield><datafield ind1=" " ind2=" " tag="336"><subfield code="b">txt</subfield><subfield code="2">rdacontent</subfield></datafield><datafield ind1=" " ind2=" " tag="337"><subfield code="b">n</subfield><subfield code="2">rdamedia</subfield></datafield><datafield ind1=" " ind2=" " tag="338"><subfield code="b">nc</subfield><subfield code="2">rdacarrier</subfield></datafield><datafield ind1=" " ind2=" " tag="500"><subfield code="a">This CEPS Special Report was first prepared for presentation at the CEPS Annual Conference, &quot;Thinking ahead to the next 25 years&quot;, 27-28 February 2008, at the Palais d'Egmont, Brussels</subfield></datafield><datafield ind1="1" ind2=" " tag="700"><subfield code="a">Grøn, Caroline</subfield><subfield code="0">(RERO)A014110195</subfield></datafield><datafield ind1="1" ind2=" " tag="700"><subfield code="a">Kaczyński, Piotr Maciej</subfield><subfield code="0">(RERO)A014110196</subfield></datafield><datafield ind1="2" ind2=" " tag="710"><subfield code="a">Centre pour l'étude des politiques publiques européennes</subfield><subfield code="0">(IDREF)031761755</subfield></datafield><datafield ind1=" " ind2=" " tag="900"><subfield code="a">REROnoselfmerge</subfield></datafield><datafield ind1=" " ind2=" " tag="961"><subfield code="2">gsi</subfield><subfield code="a">342.51 CE</subfield><subfield code="9">LOCAL</subfield></datafield></record>
</metadata></record>