<record><header><identifier>oai:alma.41SLSP_UGE:991000048629705502</identifier><datestamp>2023-04-10T00:46:03Z</datestamp><setSpec>uge_bcen_RapidILL_BOOK</setSpec><setSpec>uge_aaca_RapidILL_BOOK</setSpec><setSpec>uge_abels_RapidILL_BOOK</setSpec><setSpec>uge_dbu_RapidILL_BOOK</setSpec><setSpec>uge_cmu_RapidILL_BOOK</setSpec><setSpec>uge_mail_RapidILL_BOOK</setSpec><setSpec>uge_abbat_RapidILL_BOOK</setSpec><setSpec>UNIGE_ALL</setSpec><setSpec>uge_aobs_RapidILL_BOOK</setSpec><setSpec>uge_acar_RapidILL_BOOK</setSpec></header><metadata>
<record xmlns="http://www.loc.gov/MARC21/slim" xmlns:xsi="http://www.w3.org/2001/XMLSchema-instance" xsi:schemaLocation="http://www.loc.gov/MARC21/slim http://www.loc.gov/standards/marcxml/schema/MARC21slim.xsd"><leader>03127nam a2200625 c 4500</leader><controlfield tag="001">991000048629705502</controlfield><controlfield tag="005">20230409191357.0</controlfield><controlfield tag="008">201011s2003    gw            00| | ger  </controlfield><datafield ind1=" " ind2=" " tag="015"><subfield code="a">GFR-DNB-03,A40,1703</subfield></datafield><datafield ind1=" " ind2=" " tag="020"><subfield code="a">3806217408</subfield></datafield><datafield ind1=" " ind2=" " tag="035"><subfield code="a">(swissbib)231390726-41slsp_network</subfield></datafield><datafield ind1=" " ind2=" " tag="035"><subfield code="a">231390726</subfield><subfield code="9">ExL</subfield></datafield><datafield ind1=" " ind2=" " tag="035"><subfield code="a">(IDSBB)002981649DSV01</subfield></datafield><datafield ind1=" " ind2=" " tag="035"><subfield code="a">(RERO)R005104284-41slsp</subfield></datafield><datafield ind1=" " ind2=" " tag="035"><subfield code="a">(NEBIS)004609655EBI01</subfield></datafield><datafield ind1=" " ind2=" " tag="035"><subfield code="a">(EXLNZ-41SLSP_NETWORK)991046283239705501</subfield></datafield><datafield ind1=" " ind2=" " tag="040"><subfield code="a">SzZuIDS BS/BE A253</subfield><subfield code="e">kids</subfield><subfield code="d">CH-ZuSLS</subfield></datafield><datafield ind1=" " ind2="7" tag="072"><subfield code="a">ar</subfield><subfield code="2">rero</subfield></datafield><datafield ind1=" " ind2=" " tag="084"><subfield code="a">NF 1280</subfield><subfield code="2">rvk</subfield></datafield><datafield ind1=" " ind2=" " tag="084"><subfield code="a">NF 2085</subfield><subfield code="2">rvk</subfield></datafield><datafield ind1="1" ind2=" " tag="100"><subfield code="6">880-01</subfield><subfield code="a">Steppan, Karlheinz</subfield><subfield code="0">(IDREF)074350676</subfield><subfield code="4">cre</subfield></datafield><datafield ind1="1" ind2=" " tag="880"><subfield code="a">Steppan, Karlheinz</subfield><subfield code="d">1963-</subfield><subfield code="0">(DE-588)171940539</subfield><subfield code="6">100-01</subfield></datafield><datafield ind1="1" ind2="0" tag="245"><subfield code="a">Taphonomie - Zoologie - Chronologie - Technologie - Ökonomie</subfield><subfield code="b">Die Säugetierreste aus den jungsteinzeitlichen Grabenwerken in Bruchsal / Landkreis Karlsruhe</subfield><subfield code="c">Karlheinz Steppan</subfield></datafield><datafield ind1=" " ind2="1" tag="264"><subfield code="a">Stuttgart</subfield><subfield code="b">Theiss</subfield><subfield code="c">2003</subfield></datafield><datafield ind1=" " ind2=" " tag="300"><subfield code="a">164, [80] S.</subfield><subfield code="b">zahlr. Ill.</subfield><subfield code="e">Beil. (5 gef. Bl., [1] S.)</subfield></datafield><datafield ind1=" " ind2=" " tag="336"><subfield code="b">txt</subfield><subfield code="2">rdacontent</subfield></datafield><datafield ind1=" " ind2=" " tag="337"><subfield code="b">n</subfield><subfield code="2">rdamedia</subfield></datafield><datafield ind1=" " ind2=" " tag="338"><subfield code="b">nc</subfield><subfield code="2">rdacarrier</subfield></datafield><datafield ind1="1" ind2=" " tag="490"><subfield code="a">Materialhefte zur Archäologie in Baden-Württemberg</subfield><subfield code="v">H. 66</subfield></datafield><datafield ind1=" " ind2="7" tag="650"><subfield code="a">Chronologie</subfield><subfield code="0">(IDREF)027793478</subfield><subfield code="2">idref</subfield></datafield><datafield ind1=" " ind2="7" tag="650"><subfield code="a">Néolithique ancien</subfield><subfield code="0">(IDREF)035569867</subfield><subfield code="2">idref</subfield></datafield><datafield ind1=" " ind2="7" tag="650"><subfield code="a">Taphonomie</subfield><subfield code="0">(IDREF)031391508</subfield><subfield code="2">idref</subfield></datafield><datafield ind1=" " ind2="7" tag="650"><subfield code="a">Zoologie</subfield><subfield code="0">(IDREF)027256421</subfield><subfield code="2">idref</subfield></datafield><datafield ind1=" " ind2="7" tag="650"><subfield code="a">Erdwerk</subfield><subfield code="0">(DE-588)4204267-7</subfield><subfield code="2">gnd</subfield></datafield><datafield ind1=" " ind2="7" tag="650"><subfield code="a">Michelsberger Kultur</subfield><subfield code="0">(DE-588)4169764-9</subfield><subfield code="2">gnd</subfield></datafield><datafield ind1=" " ind2="7" tag="650"><subfield code="a">Tierknochenfund</subfield><subfield code="0">(DE-588)4137734-5</subfield><subfield code="2">gnd</subfield></datafield><datafield ind1=" " ind2="7" tag="650"><subfield code="a">ARCHÄOZOOLOGIE (ARCHÄOLOGIE)</subfield><subfield code="9">ger</subfield><subfield code="0">(ETHUDK)000036553</subfield><subfield code="2">ethudk</subfield></datafield><datafield ind1=" " ind2="7" tag="650"><subfield code="a">BRUCHSAL (DEUTSCHLAND)</subfield><subfield code="9">ger</subfield><subfield code="0">(ETHUDK)000002285</subfield><subfield code="2">ethudk</subfield></datafield><datafield ind1=" " ind2="7" tag="650"><subfield code="a">FOSSILISATION + FOSSILERHALTUNG (PALÄONTOLOGIE)</subfield><subfield code="9">ger</subfield><subfield code="0">(ETHUDK)000020902</subfield><subfield code="2">ethudk</subfield></datafield><datafield ind1=" " ind2="7" tag="650"><subfield code="a">KARLSRUHE, REGIERUNGSBEZIRK (DEUTSCHLAND)</subfield><subfield code="9">ger</subfield><subfield code="0">(ETHUDK)000001875</subfield><subfield code="2">ethudk</subfield></datafield><datafield ind1=" " ind2="7" tag="650"><subfield code="a">KNOCHENGERÄTE + GEWEIHGERÄTE + HORNGERÄTE (VORGESCHICHTE)</subfield><subfield code="9">ger</subfield><subfield code="0">(ETHUDK)000043904</subfield><subfield code="2">ethudk</subfield></datafield><datafield ind1=" " ind2="7" tag="650"><subfield code="a">MAMMALIA, SÄUGETIERE (PALÄOZOOLOGIE)</subfield><subfield code="9">ger</subfield><subfield code="0">(ETHUDK)000021144</subfield><subfield code="2">ethudk</subfield></datafield><datafield ind1=" " ind2="7" tag="650"><subfield code="a">NEOLITHIKUM (EPOCHEN)</subfield><subfield code="9">ger</subfield><subfield code="0">(ETHUDK)000008933</subfield><subfield code="2">ethudk</subfield></datafield><datafield ind1=" " ind2="7" tag="650"><subfield code="a">PALÄOBOTANISCHE DATIERUNG + PALÄOZOOLOGISCHE DATIERUNG (ARCHÄOLOGIE)</subfield><subfield code="9">ger</subfield><subfield code="0">(ETHUDK)000036568</subfield><subfield code="2">ethudk</subfield></datafield><datafield ind1=" " ind2="7" tag="651"><subfield code="a">Bruchsal (Allemagne)</subfield><subfield code="0">(RERO)A010057571</subfield><subfield code="2">rero</subfield></datafield><datafield ind1=" " ind2="7" tag="651"><subfield code="a">Bruchsal</subfield><subfield code="0">(DE-588)4008388-3</subfield><subfield code="2">gnd</subfield></datafield><datafield ind1=" " ind2=" " tag="690"><subfield code="a">Archäozoologie - Neolithikum - Deutschland</subfield><subfield code="2">ubs-A8</subfield></datafield><datafield ind1=" " ind2=" " tag="690"><subfield code="a">Deutschland - Baden-Württemberg - Bruchsal-Aue</subfield><subfield code="2">ubs-A8</subfield></datafield><datafield ind1=" " ind2=" " tag="690"><subfield code="a">Deutschland - Baden-Württemberg - Bruchsal-Scheelkopf</subfield><subfield code="2">ubs-A8</subfield></datafield><datafield ind1=" " ind2=" " tag="690"><subfield code="a">Neolithikum - Jungneolithikum - Deutschland</subfield><subfield code="2">ubs-A8</subfield></datafield><datafield ind1=" " ind2=" " tag="690"><subfield code="a">Technologie - Neolithikum - Deutschland</subfield><subfield code="2">ubs-A8</subfield></datafield><datafield ind1=" " ind2=" " tag="690"><subfield code="a">Chronologie - Neolithikum - Deutschland</subfield><subfield code="2">ubs-A8</subfield></datafield><datafield ind1=" " ind2=" " tag="690"><subfield code="a">Wirtschaftsgeschichte - Neolithikum - Deutschland</subfield><subfield code="2">ubs-A8</subfield></datafield><datafield ind1=" " ind2=" " tag="690"><subfield code="a">Michelsberg - Deutschland</subfield><subfield code="2">ubs-A8</subfield></datafield><datafield ind1=" " ind2=" " tag="830"><subfield code="a">Materialhefte zur Archäologie in Baden-Württemberg</subfield><subfield code="v">66</subfield><subfield code="w">(IDSBB)001088779DSV01</subfield></datafield><datafield ind1=" " ind2=" " tag="900"><subfield code="a">REROnoselfmerge</subfield></datafield></record>
</metadata></record>