<record><header><identifier>oai:alma.41SLSP_UGE:991000048519705502</identifier><datestamp>2023-04-06T00:13:25Z</datestamp><setSpec>uge_bcen_RapidILL_BOOK</setSpec><setSpec>uge_aaca_RapidILL_BOOK</setSpec><setSpec>uge_abels_RapidILL_BOOK</setSpec><setSpec>uge_dbu_RapidILL_BOOK</setSpec><setSpec>uge_cmu_RapidILL_BOOK</setSpec><setSpec>uge_mail_RapidILL_BOOK</setSpec><setSpec>uge_abbat_RapidILL_BOOK</setSpec><setSpec>UNIGE_ALL</setSpec><setSpec>uge_acar_RapidILL_BOOK</setSpec><setSpec>uge_aobs_RapidILL_BOOK</setSpec></header><metadata>
<record xmlns="http://www.loc.gov/MARC21/slim" xmlns:xsi="http://www.w3.org/2001/XMLSchema-instance" xsi:schemaLocation="http://www.loc.gov/MARC21/slim http://www.loc.gov/standards/marcxml/schema/MARC21slim.xsd"><leader>01142nam a22003492c 4500</leader><controlfield tag="001">991000048519705502</controlfield><controlfield tag="005">20230405194140.0</controlfield><controlfield tag="008">130207m19981999xxk||||| |||| 00| ||eng d</controlfield><datafield ind1=" " ind2=" " tag="020"><subfield code="a">0099289792</subfield><subfield code="q">br</subfield></datafield><datafield ind1=" " ind2=" " tag="020"><subfield code="a">0958419531</subfield><subfield code="q">br</subfield></datafield><datafield ind1=" " ind2=" " tag="020"><subfield code="a">9780099289791</subfield></datafield><datafield ind1=" " ind2=" " tag="020"><subfield code="a">9780958419536</subfield><subfield code="q">br</subfield></datafield><datafield ind1=" " ind2=" " tag="035"><subfield code="a">(swissbib)116975024-41slsp_network</subfield></datafield><datafield ind1=" " ind2=" " tag="035"><subfield code="a">116975024</subfield><subfield code="9">ExL</subfield></datafield><datafield ind1=" " ind2=" " tag="035"><subfield code="a">(RERO)R007234252-41slsp</subfield></datafield><datafield ind1=" " ind2=" " tag="035"><subfield code="a">(EXLNZ-41SLSP_NETWORK)991103801959705501</subfield></datafield><datafield ind1=" " ind2=" " tag="040"><subfield code="a">ZWZ</subfield><subfield code="d">CH-ZuSLS</subfield></datafield><datafield ind1=" " ind2="7" tag="072"><subfield code="a">ht</subfield><subfield code="2">rero</subfield></datafield><datafield ind1=" " ind2=" " tag="080"><subfield code="a">328</subfield></datafield><datafield ind1="0" ind2="4" tag="082"><subfield code="a">323.0968</subfield><subfield code="2">21</subfield></datafield><datafield ind1="1" ind2=" " tag="100"><subfield code="a">Krog, Antjie</subfield><subfield code="0">(RERO)A005958849</subfield><subfield code="4">cre</subfield></datafield><datafield ind1="1" ind2="0" tag="245"><subfield code="a">Country of my skull</subfield><subfield code="c">Antjie Krog</subfield></datafield><datafield ind1=" " ind2="1" tag="264"><subfield code="a">London</subfield><subfield code="b">Vintage</subfield><subfield code="c">1999</subfield></datafield><datafield ind1=" " ind2=" " tag="300"><subfield code="a">454 p.</subfield></datafield><datafield ind1=" " ind2=" " tag="336"><subfield code="b">txt</subfield><subfield code="2">rdacontent</subfield></datafield><datafield ind1=" " ind2=" " tag="337"><subfield code="b">n</subfield><subfield code="2">rdamedia</subfield></datafield><datafield ind1=" " ind2=" " tag="338"><subfield code="b">nc</subfield><subfield code="2">rdacarrier</subfield></datafield><datafield ind1=" " ind2=" " tag="500"><subfield code="a">Publié d'abord : Afrique du Sud : Random House, 1998 ; London: Jonathan Cape, 1999</subfield></datafield><datafield ind1="2" ind2="7" tag="610"><subfield code="a">Afrique du Sud</subfield><subfield code="b">Truth and reconciliation commission</subfield><subfield code="0">(IDREF)050837788</subfield><subfield code="2">idref</subfield></datafield><datafield ind1=" " ind2="7" tag="650"><subfield code="a">Justice réparatrice</subfield><subfield code="0">(IDREF)069830010</subfield><subfield code="2">idref</subfield></datafield><datafield ind1=" " ind2="7" tag="655"><subfield code="a">Récits personnels</subfield><subfield code="0">(IDREF)027805441</subfield><subfield code="2">idref</subfield></datafield><datafield ind1=" " ind2=" " tag="900"><subfield code="a">REROnoselfmerge</subfield></datafield><datafield ind1=" " ind2=" " tag="910"><subfield code="a">OCoLC</subfield><subfield code="b">20130207</subfield><subfield code="c">Droits réservés</subfield></datafield></record>
</metadata></record>